ID,ID_PRODUCT,AMOUNT,PRICE,DATE
1,1,18,55.74,'2023-01-17 13:41:04'
2,2,14,41.27,'2025-01-17 13:41:04'
3,3,12,71.25,'2023-02-28 13:41:04'
4,1,7,23.05,'2022-11-03 13:41:04'
5,3,5,32.38,'2021-07-09 13:41:04'
6,2,16,87.81,'2024-04-15 13:41:04'
7,1,1,34.28,'2023-04-18 13:41:04'
8,1,15,29.47,'2020-09-03 13:41:04'
9,1,20,114.07,'2020-06-02 13:41:04'
10,1,17,90.94,'2022-04-17 13:41:04'
11,1,6,68.71,'2022-07-24 13:41:04'
12,1,16,97.77,'2023-10-05 13:41:04'
13,3,3,58.95,'2024-04-03 13:41:04'
14,3,8,101.2,'2021-06-13 13:41:04'
15,3,3,103.87,'2020-12-09 13:41:04'
16,2,15,78.26,'2024-08-07 13:41:04'
17,3,5,56.19,'2022-11-14 13:41:04'
18,1,3,41.19,'2024-02-19 13:41:04'
19,1,13,43.06,'2022-09-16 13:41:04'
20,1,16,35.04,'2022-05-06 13:41:04'
21,1,9,115.0,'2024-01-02 13:41:04'
22,2,11,119.73,'2023-04-30 13:41:04'
23,2,20,67.71,'2024-12-13 13:41:04'
24,3,12,57.95,'2023-05-29 13:41:04'
25,3,17,85.03,'2022-11-12 13:41:04'
26,2,2,66.61,'2022-10-10 13:41:04'
27,1,19,32.67,'2022-10-27 13:41:04'
28,3,5,95.94,'2020-09-10 13:41:04'
29,3,6,48.52,'2020-12-25 13:41:04'
30,1,20,48.62,'2021-01-23 13:41:04'
31,2,2,62.77,'2024-09-18 13:41:04'
32,3,17,114.93,'2022-09-12 13:41:04'
33,3,9,81.73,'2021-12-08 13:41:04'
34,1,4,101.89,'2022-07-14 13:41:04'
35,3,18,42.58,'2020-12-09 13:41:04'
36,2,9,44.55,'2022-03-01 13:41:04'
37,3,14,86.88,'2020-11-05 13:41:04'
38,3,13,101.32,'2022-04-23 13:41:04'
39,1,13,60.93,'2021-08-14 13:41:04'
40,1,12,78.18,'2020-04-15 13:41:04'
41,1,3,103.7,'2022-01-26 13:41:04'
42,2,8,102.14,'2022-04-26 13:41:04'
43,3,17,116.16,'2024-07-01 13:41:04'
44,3,3,78.88,'2024-01-04 13:41:04'
45,2,2,58.08,'2020-04-03 13:41:04'
46,3,10,43.97,'2024-01-18 13:41:04'
47,2,16,24.78,'2025-01-10 13:41:04'
48,3,11,94.68,'2020-09-30 13:41:04'
49,2,6,66.99,'2020-09-06 13:41:04'
50,3,9,110.01,'2024-12-18 13:41:04'
51,2,16,29.08,'2022-07-28 13:41:04'
52,1,5,23.51,'2020-05-18 13:41:04'
53,3,6,112.61,'2024-03-27 13:41:04'
54,3,5,22.91,'2021-09-25 13:41:04'
55,1,12,117.76,'2020-07-26 13:41:04'
56,2,19,95.44,'2020-08-12 13:41:04'
57,3,8,95.26,'2023-10-20 13:41:04'
58,1,19,72.29,'2023-01-11 13:41:04'
59,2,15,38.99,'2023-04-10 13:41:04'
60,3,5,91.06,'2022-12-10 13:41:04'
61,2,17,80.32,'2024-03-29 13:41:04'
62,2,7,95.4,'2021-01-08 13:41:04'
63,3,10,35.23,'2024-06-27 13:41:04'
64,2,11,31.61,'2022-07-20 13:41:04'
65,2,13,49.79,'2020-11-23 13:41:04'
66,1,3,87.3,'2024-03-22 13:41:04'
67,2,9,111.05,'2021-03-03 13:41:04'
68,3,7,37.93,'2024-09-08 13:41:04'
69,1,7,95.91,'2020-10-17 13:41:04'
70,1,17,105.63,'2022-02-12 13:41:04'
71,2,20,92.92,'2024-09-04 13:41:04'
72,2,3,71.56,'2024-06-04 13:41:04'
73,1,5,25.43,'2021-07-06 13:41:04'
74,2,10,110.79,'2025-03-11 13:41:04'
75,3,9,104.24,'2022-07-02 13:41:04'
76,1,16,30.86,'2021-12-25 13:41:04'
77,2,10,113.47,'2023-07-26 13:41:04'
78,1,5,52.63,'2024-12-06 13:41:04'
79,1,10,87.59,'2023-08-20 13:41:04'
80,2,5,99.38,'2023-06-13 13:41:04'
81,3,16,62.2,'2020-09-28 13:41:04'
82,2,4,98.13,'2024-03-02 13:41:04'
83,1,4,50.11,'2022-08-19 13:41:04'
84,3,16,45.18,'2023-08-01 13:41:04'
85,1,6,61.59,'2022-12-21 13:41:04'
86,3,5,118.7,'2021-01-31 13:41:04'
87,3,17,32.4,'2022-06-14 13:41:04'
88,1,3,69.21,'2022-09-22 13:41:04'
89,2,7,94.67,'2022-08-17 13:41:04'
90,2,14,55.44,'2024-05-21 13:41:04'
91,3,3,86.13,'2021-06-29 13:41:04'
92,1,3,74.24,'2021-08-29 13:41:04'
93,2,17,104.74,'2025-03-10 13:41:04'
94,1,14,107.37,'2023-07-17 13:41:04'
95,2,18,111.36,'2021-10-15 13:41:04'
96,1,11,69.33,'2020-05-05 13:41:04'
97,2,11,58.24,'2023-12-10 13:41:04'
98,3,18,49.72,'2025-01-12 13:41:04'
99,3,8,87.38,'2022-04-07 13:41:04'
100,2,5,118.12,'2024-06-15 13:41:04'
101,1,13,35.17,'2023-04-19 13:41:04'
102,2,6,44.47,'2021-04-07 13:41:04'
103,2,16,95.04,'2021-01-10 13:41:04'
104,2,19,68.49,'2024-11-06 13:41:04'
105,3,1,56.59,'2022-11-01 13:41:04'
106,1,8,93.09,'2024-07-11 13:41:04'
107,3,11,26.08,'2025-02-14 13:41:04'
108,1,15,51.75,'2022-02-20 13:41:04'
109,1,6,59.7,'2023-01-03 13:41:04'
110,3,4,22.56,'2021-10-19 13:41:04'
111,1,17,21.12,'2021-01-02 13:41:04'
112,3,8,105.36,'2021-04-10 13:41:04'
113,3,13,106.22,'2023-05-08 13:41:04'
114,3,11,25.03,'2023-12-05 13:41:04'
115,1,17,52.98,'2023-08-27 13:41:04'
116,3,20,25.8,'2022-08-07 13:41:04'
117,1,2,39.51,'2024-09-11 13:41:04'
118,2,5,75.52,'2020-05-28 13:41:04'
119,3,17,41.65,'2023-06-29 13:41:04'
120,3,7,60.68,'2020-10-26 13:41:04'
121,3,19,108.92,'2020-09-09 13:41:04'
122,3,6,63.39,'2023-01-29 13:41:04'
123,3,15,25.3,'2023-11-04 13:41:04'
124,2,15,33.71,'2024-04-22 13:41:04'
125,2,9,46.57,'2020-10-21 13:41:04'
126,1,12,84.88,'2024-04-10 13:41:04'
127,3,5,87.37,'2022-05-28 13:41:04'
128,3,13,29.74,'2024-12-04 13:41:04'
129,1,14,62.9,'2023-10-08 13:41:04'
130,3,16,47.38,'2020-04-17 13:41:04'
131,3,7,46.24,'2025-01-28 13:41:04'
132,1,6,109.68,'2020-11-18 13:41:04'
133,2,20,79.86,'2021-05-23 13:41:04'
134,1,20,96.74,'2024-06-08 13:41:04'
135,3,4,40.01,'2022-05-22 13:41:04'
136,1,8,75.32,'2021-11-03 13:41:04'
137,1,4,40.85,'2020-08-02 13:41:04'
138,3,14,70.03,'2024-10-28 13:41:04'
139,3,15,99.43,'2023-11-09 13:41:04'
140,2,10,67.09,'2023-03-17 13:41:04'
141,2,9,110.76,'2020-11-04 13:41:04'
142,2,14,46.95,'2024-03-31 13:41:04'
143,3,8,110.93,'2023-07-12 13:41:04'
144,1,4,39.62,'2022-04-27 13:41:04'
145,2,20,57.26,'2021-04-06 13:41:04'
146,1,3,92.62,'2024-04-16 13:41:04'
147,1,14,75.17,'2021-01-04 13:41:04'
148,3,4,25.41,'2021-05-11 13:41:04'
149,2,18,95.98,'2024-08-19 13:41:04'
150,1,19,116.85,'2020-06-08 13:41:04'
151,3,6,63.18,'2022-03-18 13:41:04'
152,3,20,90.76,'2022-04-27 13:41:04'
153,1,3,111.13,'2024-07-18 13:41:04'
154,1,11,93.99,'2022-07-05 13:41:04'
155,1,1,119.95,'2022-06-18 13:41:04'
156,3,10,104.32,'2023-09-06 13:41:04'
157,1,1,109.14,'2021-07-29 13:41:04'
158,1,18,86.32,'2021-01-17 13:41:04'
159,3,7,62.59,'2022-09-28 13:41:04'
160,3,10,71.25,'2020-05-02 13:41:04'
161,1,7,21.31,'2022-09-12 13:41:04'
162,2,7,101.95,'2021-02-03 13:41:04'
163,3,12,31.93,'2022-04-11 13:41:04'
164,2,2,92.8,'2023-07-24 13:41:04'
165,1,18,102.2,'2020-06-12 13:41:04'
166,3,9,119.69,'2024-01-03 13:41:04'
167,1,18,87.4,'2021-04-15 13:41:04'
168,1,3,55.06,'2023-10-10 13:41:04'
169,1,5,30.21,'2020-07-14 13:41:04'
170,3,16,112.4,'2020-05-21 13:41:04'
171,3,19,55.24,'2021-05-30 13:41:04'
172,2,13,90.19,'2021-04-14 13:41:04'
173,2,10,68.98,'2022-07-14 13:41:04'
174,3,19,70.43,'2022-04-08 13:41:04'
175,3,4,107.94,'2023-05-24 13:41:04'
176,1,15,21.64,'2025-02-27 13:41:04'
177,1,4,102.1,'2022-07-20 13:41:04'
178,2,13,113.39,'2022-01-14 13:41:04'
179,2,5,47.68,'2023-02-09 13:41:04'
180,2,14,107.71,'2020-05-07 13:41:04'
181,2,5,60.16,'2023-10-04 13:41:04'
182,1,6,29.91,'2024-08-12 13:41:04'
183,2,20,75.52,'2023-09-03 13:41:04'
184,1,10,101.18,'2020-11-05 13:41:04'
185,1,8,107.32,'2024-10-29 13:41:04'
186,3,11,103.59,'2022-04-07 13:41:04'
187,3,4,110.51,'2023-06-01 13:41:04'
188,2,20,67.79,'2021-12-17 13:41:04'
189,3,6,23.74,'2022-02-24 13:41:04'
190,3,12,119.69,'2021-02-04 13:41:04'
191,2,16,40.08,'2021-02-20 13:41:04'
192,1,15,110.82,'2022-09-07 13:41:04'
193,1,5,26.46,'2020-12-13 13:41:04'
194,3,2,58.26,'2020-11-08 13:41:04'
195,1,4,96.03,'2024-05-25 13:41:04'
196,2,8,111.22,'2024-08-02 13:41:04'
197,3,4,65.44,'2021-05-22 13:41:04'
198,3,13,110.18,'2024-02-14 13:41:04'
199,3,18,65.17,'2024-02-16 13:41:04'
200,3,15,52.49,'2021-03-08 13:41:04'
201,3,17,69.95,'2021-05-06 13:41:04'
202,2,11,41.27,'2020-08-16 13:41:04'
203,2,8,110.51,'2021-09-02 13:41:04'
204,2,8,110.81,'2021-08-19 13:41:04'
205,2,19,22.24,'2024-02-09 13:41:04'
206,1,15,40.4,'2021-10-08 13:41:04'
207,1,15,118.55,'2024-07-20 13:41:04'
208,3,6,78.04,'2021-04-15 13:41:04'
209,1,4,31.1,'2025-02-09 13:41:04'
210,1,18,38.61,'2021-09-02 13:41:04'
211,3,1,56.21,'2021-04-07 13:41:04'
212,2,8,105.01,'2024-09-24 13:41:04'
213,3,16,63.29,'2021-05-11 13:41:04'
214,2,9,53.98,'2020-12-16 13:41:04'
215,3,11,113.78,'2021-09-14 13:41:04'
216,2,15,66.54,'2024-09-22 13:41:04'
217,2,8,98.24,'2024-08-06 13:41:04'
218,1,6,26.91,'2024-09-16 13:41:04'
219,2,7,95.55,'2023-03-07 13:41:04'
220,2,10,38.44,'2023-03-12 13:41:04'
221,1,8,29.28,'2021-08-17 13:41:04'
222,2,9,117.67,'2021-01-17 13:41:04'
223,1,1,111.7,'2020-05-03 13:41:04'
224,2,2,26.31,'2020-05-31 13:41:04'
225,2,14,41.21,'2021-09-06 13:41:04'
226,1,14,28.09,'2022-05-22 13:41:04'
227,3,8,24.65,'2024-10-14 13:41:04'
228,1,13,55.71,'2021-02-19 13:41:04'
229,2,11,31.49,'2020-12-26 13:41:04'
230,3,14,63.73,'2020-07-10 13:41:04'
231,2,8,40.83,'2020-09-28 13:41:04'
232,1,9,49.01,'2020-06-26 13:41:04'
233,3,7,100.91,'2022-02-27 13:41:04'
234,1,6,63.94,'2021-07-13 13:41:04'
235,1,17,51.47,'2023-10-14 13:41:04'
236,3,16,102.0,'2024-12-12 13:41:04'
237,1,18,112.4,'2024-11-18 13:41:04'
238,3,6,100.57,'2024-01-01 13:41:04'
239,3,7,84.45,'2022-06-11 13:41:04'
240,3,14,66.48,'2022-02-25 13:41:04'
241,1,5,25.27,'2024-01-08 13:41:04'
242,1,11,42.73,'2021-05-27 13:41:04'
243,1,20,68.5,'2022-02-26 13:41:04'
244,3,15,34.15,'2023-06-25 13:41:04'
245,2,14,118.95,'2022-06-15 13:41:04'
246,3,20,70.04,'2024-11-27 13:41:04'
247,1,11,43.96,'2023-07-27 13:41:04'
248,2,1,79.9,'2024-05-26 13:41:04'
249,2,17,61.55,'2023-04-13 13:41:04'
250,3,14,114.88,'2022-11-20 13:41:04'
251,1,2,20.31,'2024-06-23 13:41:04'
252,1,9,115.4,'2020-05-27 13:41:04'
253,1,8,27.61,'2023-09-12 13:41:04'
254,2,14,29.68,'2024-05-25 13:41:04'
255,1,14,99.99,'2023-10-09 13:41:04'
256,2,9,37.82,'2024-04-17 13:41:04'
257,1,2,81.64,'2024-09-29 13:41:04'
258,2,1,56.9,'2023-11-23 13:41:04'
259,1,16,93.89,'2022-04-09 13:41:04'
260,3,19,40.75,'2022-10-15 13:41:04'
261,3,1,86.74,'2020-11-04 13:41:04'
262,1,7,27.01,'2022-09-06 13:41:04'
263,2,15,95.06,'2022-08-25 13:41:04'
264,1,4,38.72,'2023-03-18 13:41:04'
265,1,10,82.99,'2021-05-02 13:41:04'
266,3,8,34.39,'2021-01-14 13:41:04'
267,3,11,86.19,'2021-02-03 13:41:04'
268,3,12,37.63,'2020-08-27 13:41:04'
269,3,8,102.25,'2020-05-04 13:41:04'
270,1,19,81.12,'2024-09-15 13:41:04'
271,3,2,57.81,'2023-11-16 13:41:04'
272,3,15,114.83,'2021-01-08 13:41:04'
273,3,12,98.39,'2021-08-03 13:41:04'
274,3,12,39.14,'2024-05-12 13:41:04'
275,3,19,97.5,'2020-10-27 13:41:04'
276,1,13,91.31,'2022-07-27 13:41:04'
277,2,11,30.33,'2020-12-17 13:41:04'
278,1,12,117.01,'2023-08-07 13:41:04'
279,2,18,28.72,'2021-01-29 13:41:04'
280,1,8,24.42,'2025-03-15 13:41:04'
281,3,16,39.46,'2022-10-28 13:41:04'
282,2,16,111.02,'2022-03-19 13:41:04'
283,1,12,94.12,'2023-04-02 13:41:04'
284,2,5,63.62,'2021-01-06 13:41:04'
285,2,14,60.1,'2023-10-06 13:41:04'
286,3,5,104.05,'2020-07-16 13:41:04'
287,1,10,69.88,'2023-12-05 13:41:04'
288,2,11,99.86,'2020-11-08 13:41:04'
289,2,4,115.09,'2023-02-04 13:41:04'
290,1,20,61.27,'2022-10-06 13:41:04'
291,2,7,92.07,'2022-02-08 13:41:04'
292,1,4,97.47,'2024-04-17 13:41:04'
293,2,8,70.41,'2024-11-13 13:41:04'
294,1,12,50.07,'2022-09-08 13:41:04'
295,1,20,90.01,'2024-02-19 13:41:04'
296,3,7,85.01,'2021-07-28 13:41:04'
297,3,2,105.98,'2020-12-06 13:41:04'
298,3,13,21.38,'2021-04-18 13:41:04'
299,3,6,53.72,'2024-06-13 13:41:04'
300,2,5,54.91,'2021-09-25 13:41:04'
301,3,20,51.22,'2023-03-14 13:41:04'
302,3,4,90.08,'2021-05-23 13:41:04'
303,1,15,54.55,'2023-08-05 13:41:04'
304,2,17,70.75,'2021-02-24 13:41:04'
305,1,1,107.59,'2022-05-05 13:41:04'
306,1,2,68.66,'2021-12-03 13:41:04'
307,2,10,60.41,'2024-07-20 13:41:04'
308,1,8,72.79,'2021-02-03 13:41:04'
309,2,15,92.15,'2022-03-25 13:41:04'
310,1,13,24.52,'2023-11-17 13:41:04'
311,1,6,79.13,'2024-07-13 13:41:04'
312,1,19,29.63,'2020-07-30 13:41:04'
313,3,3,59.24,'2024-12-09 13:41:04'
314,2,8,116.72,'2024-03-29 13:41:04'
315,3,18,37.86,'2021-05-26 13:41:04'
316,1,19,101.92,'2021-10-01 13:41:04'
317,2,10,81.31,'2024-10-27 13:41:04'
318,2,6,91.21,'2023-01-24 13:41:04'
319,3,6,36.47,'2020-08-07 13:41:04'
320,2,2,47.57,'2023-06-20 13:41:04'
321,3,13,89.55,'2021-10-02 13:41:04'
322,3,3,114.3,'2024-04-10 13:41:04'
323,1,18,46.82,'2021-05-02 13:41:04'
324,2,1,64.71,'2022-09-21 13:41:04'
325,3,7,103.03,'2025-02-09 13:41:04'
326,2,11,91.17,'2024-08-26 13:41:04'
327,2,19,60.43,'2024-07-11 13:41:04'
328,1,8,32.69,'2024-05-03 13:41:04'
329,3,6,113.06,'2020-07-05 13:41:04'
330,2,12,27.17,'2022-05-08 13:41:04'
331,1,17,63.69,'2020-09-25 13:41:04'
332,2,15,109.98,'2021-12-03 13:41:04'
333,2,4,26.14,'2020-12-27 13:41:04'
334,3,3,81.31,'2023-03-30 13:41:04'
335,3,5,29.88,'2022-02-16 13:41:04'
336,3,14,101.41,'2024-12-03 13:41:04'
337,3,10,84.74,'2021-09-25 13:41:04'
338,1,10,34.99,'2023-01-16 13:41:04'
339,1,5,52.79,'2020-11-07 13:41:04'
340,1,19,24.65,'2020-04-18 13:41:04'
341,1,10,107.1,'2020-08-15 13:41:04'
342,1,3,38.89,'2023-06-04 13:41:04'
343,3,17,32.61,'2022-11-11 13:41:04'
344,2,15,57.65,'2021-03-11 13:41:04'
345,1,9,81.41,'2020-12-30 13:41:04'
346,3,10,45.74,'2021-09-04 13:41:04'
347,1,14,29.6,'2022-02-08 13:41:04'
348,1,15,22.2,'2024-09-15 13:41:04'
349,2,6,33.0,'2022-04-11 13:41:04'
350,1,6,113.05,'2024-10-24 13:41:04'
351,1,17,55.51,'2024-02-15 13:41:04'
352,1,18,113.35,'2025-02-23 13:41:04'
353,1,13,43.55,'2021-03-09 13:41:04'
354,2,2,57.83,'2023-11-22 13:41:04'
355,3,14,89.22,'2024-01-29 13:41:04'
356,1,3,23.78,'2025-01-18 13:41:04'
357,2,1,63.55,'2023-10-23 13:41:04'
358,2,13,58.71,'2023-01-05 13:41:04'
359,3,3,119.15,'2023-08-04 13:41:04'
360,3,15,111.23,'2024-06-18 13:41:04'
361,1,1,34.34,'2022-10-20 13:41:04'
362,3,8,56.87,'2023-06-14 13:41:04'
363,2,12,63.81,'2024-01-06 13:41:04'
364,2,14,61.45,'2020-12-02 13:41:04'
365,2,3,39.44,'2024-06-30 13:41:04'
366,2,19,39.97,'2024-07-04 13:41:04'
367,1,10,70.94,'2023-03-26 13:41:04'
368,1,17,91.84,'2022-01-04 13:41:04'
369,1,20,52.56,'2023-11-15 13:41:04'
370,1,6,66.51,'2025-03-01 13:41:04'
371,1,14,24.11,'2022-12-11 13:41:04'
372,3,2,89.76,'2025-01-23 13:41:04'
373,2,5,23.46,'2023-09-24 13:41:04'
374,3,14,78.28,'2022-06-02 13:41:04'
375,2,1,20.2,'2020-07-05 13:41:04'
376,2,15,82.26,'2023-04-02 13:41:04'
377,3,12,25.29,'2023-11-25 13:41:04'
378,3,6,106.62,'2020-07-26 13:41:04'
379,2,10,34.68,'2024-06-28 13:41:04'
380,3,4,23.05,'2020-09-30 13:41:04'
381,3,15,62.09,'2023-12-01 13:41:04'
382,1,1,58.63,'2022-11-15 13:41:04'
383,3,13,76.17,'2022-04-29 13:41:04'
384,1,7,115.85,'2021-10-25 13:41:04'
385,2,7,33.95,'2022-10-21 13:41:04'
386,2,1,93.53,'2023-01-01 13:41:04'
387,3,11,63.67,'2023-05-15 13:41:04'
388,1,13,55.21,'2023-01-08 13:41:04'
389,1,12,102.05,'2024-12-24 13:41:04'
390,3,10,25.74,'2025-01-22 13:41:04'
391,1,1,43.92,'2023-05-06 13:41:04'
392,1,6,73.31,'2024-07-19 13:41:04'
393,3,11,117.03,'2020-06-26 13:41:04'
394,3,16,42.28,'2024-12-09 13:41:04'
395,2,6,117.1,'2020-12-09 13:41:04'
396,2,12,44.43,'2023-11-16 13:41:04'
397,1,10,47.77,'2023-10-24 13:41:04'
398,1,17,110.85,'2022-12-10 13:41:04'
399,2,12,51.07,'2022-04-07 13:41:04'
400,2,11,98.1,'2021-05-09 13:41:04'
401,2,4,64.0,'2021-10-07 13:41:04'
402,2,13,114.84,'2023-09-12 13:41:04'
403,1,11,29.4,'2020-05-24 13:41:04'
404,1,7,61.68,'2022-01-04 13:41:04'
405,2,9,106.85,'2023-12-27 13:41:04'
406,2,7,50.62,'2023-02-02 13:41:04'
407,2,15,73.3,'2024-01-01 13:41:04'
408,1,7,115.28,'2024-09-13 13:41:04'
409,1,6,28.08,'2022-09-12 13:41:04'
410,3,19,44.91,'2020-04-28 13:41:04'
411,1,3,106.04,'2024-06-29 13:41:04'
412,1,11,44.75,'2024-09-04 13:41:04'
413,1,9,95.69,'2022-07-08 13:41:04'
414,1,20,108.84,'2023-02-16 13:41:04'
415,3,10,55.76,'2021-01-21 13:41:04'
416,2,15,36.54,'2023-02-26 13:41:04'
417,2,6,31.84,'2022-09-27 13:41:04'
418,1,9,101.1,'2023-05-15 13:41:04'
419,3,17,66.06,'2020-06-07 13:41:04'
420,2,13,89.83,'2024-05-23 13:41:04'
421,3,5,64.57,'2022-08-03 13:41:04'
422,2,17,33.02,'2023-08-02 13:41:04'
423,1,1,71.0,'2023-02-18 13:41:04'
424,2,5,107.4,'2021-01-05 13:41:04'
425,3,5,33.52,'2022-11-16 13:41:04'
426,3,14,119.75,'2023-01-30 13:41:04'
427,1,6,109.97,'2023-03-04 13:41:04'
428,1,1,20.69,'2024-09-01 13:41:04'
429,2,17,34.43,'2024-09-30 13:41:04'
430,3,12,86.74,'2023-11-28 13:41:04'
431,2,12,78.39,'2022-05-14 13:41:04'
432,2,14,81.33,'2022-11-09 13:41:04'
433,2,3,24.4,'2022-05-06 13:41:04'
434,1,13,51.37,'2020-11-20 13:41:04'
435,3,11,80.09,'2021-09-23 13:41:04'
436,2,4,114.78,'2021-08-26 13:41:04'
437,1,8,84.23,'2020-09-27 13:41:04'
438,3,12,31.08,'2024-11-12 13:41:04'
439,3,20,42.09,'2021-01-15 13:41:04'
440,2,3,61.7,'2023-05-11 13:41:04'
441,3,14,22.22,'2022-07-19 13:41:04'
442,2,16,113.21,'2020-10-01 13:41:04'
443,3,10,24.61,'2021-04-30 13:41:04'
444,3,13,106.91,'2024-08-17 13:41:04'
445,1,14,89.15,'2021-08-10 13:41:04'
446,2,10,94.74,'2023-08-19 13:41:04'
447,1,9,55.11,'2022-08-22 13:41:04'
448,3,7,75.02,'2025-01-05 13:41:04'
449,3,15,74.49,'2022-09-16 13:41:04'
450,3,6,31.09,'2022-05-26 13:41:04'
451,2,13,76.47,'2022-09-14 13:41:04'
452,3,16,23.92,'2021-09-23 13:41:04'
453,1,20,58.35,'2022-10-10 13:41:04'
454,1,17,30.04,'2024-11-05 13:41:04'
455,1,11,99.76,'2022-06-27 13:41:04'
456,3,4,28.95,'2020-12-20 13:41:04'
457,1,2,70.16,'2023-12-10 13:41:04'
458,3,1,27.84,'2020-08-03 13:41:04'
459,3,7,75.65,'2024-01-20 13:41:04'
460,1,3,57.33,'2024-03-18 13:41:04'
461,3,14,113.15,'2023-08-21 13:41:04'
462,3,4,87.67,'2023-12-05 13:41:04'
463,2,18,118.97,'2023-11-11 13:41:04'
464,2,11,113.61,'2024-01-09 13:41:04'
465,1,20,68.38,'2023-09-06 13:41:04'
466,1,14,78.69,'2023-11-01 13:41:04'
467,2,7,115.06,'2021-03-26 13:41:04'
468,2,7,61.82,'2024-07-18 13:41:04'
469,1,3,23.78,'2022-11-26 13:41:04'
470,1,2,54.07,'2022-07-01 13:41:04'
471,1,2,20.61,'2022-07-26 13:41:04'
472,1,7,89.25,'2023-05-24 13:41:04'
473,2,1,43.75,'2022-06-08 13:41:04'
474,2,19,68.45,'2025-01-22 13:41:04'
475,3,12,71.65,'2021-10-04 13:41:04'
476,2,8,64.5,'2023-06-16 13:41:04'
477,1,11,117.75,'2020-04-28 13:41:04'
478,1,7,115.8,'2024-02-15 13:41:04'
479,3,1,73.32,'2023-02-02 13:41:04'
480,3,12,29.92,'2022-10-07 13:41:04'
481,2,6,30.13,'2022-11-07 13:41:04'
482,1,9,57.12,'2023-08-21 13:41:04'
483,1,1,89.03,'2023-02-27 13:41:04'
484,2,20,83.85,'2022-02-11 13:41:04'
485,1,3,114.9,'2023-06-14 13:41:04'
486,2,20,37.18,'2021-08-26 13:41:04'
487,1,11,44.05,'2021-04-22 13:41:04'
488,1,12,31.64,'2020-08-11 13:41:04'
489,1,3,74.37,'2024-11-09 13:41:04'
490,1,5,46.36,'2023-07-06 13:41:04'
491,3,14,110.4,'2023-09-04 13:41:04'
492,3,20,38.01,'2020-12-01 13:41:04'
493,2,10,20.92,'2022-12-09 13:41:04'
494,1,1,62.16,'2023-03-13 13:41:04'
495,2,17,33.35,'2023-09-08 13:41:04'
496,2,5,117.77,'2020-09-03 13:41:04'
497,1,1,66.56,'2021-05-17 13:41:04'
498,2,18,24.33,'2024-12-01 13:41:04'
499,2,19,31.51,'2023-10-31 13:41:04'
500,3,4,62.5,'2021-01-05 13:41:04'
501,2,5,64.36,'2020-07-31 13:41:04'
502,1,6,29.16,'2024-02-10 13:41:04'
503,1,1,45.97,'2023-02-04 13:41:04'
504,2,20,109.76,'2024-11-18 13:41:04'
505,1,12,56.54,'2025-01-19 13:41:04'
506,2,18,30.72,'2021-01-01 13:41:04'
507,2,15,48.01,'2022-06-15 13:41:04'
508,1,4,110.87,'2022-07-03 13:41:04'
509,2,3,79.76,'2024-08-17 13:41:04'
510,1,5,52.95,'2021-10-17 13:41:04'
511,2,13,78.42,'2020-11-13 13:41:04'
512,3,18,53.92,'2024-02-19 13:41:04'
513,2,6,105.45,'2021-05-16 13:41:04'
514,1,2,25.49,'2023-03-20 13:41:04'
515,2,15,81.39,'2021-05-24 13:41:04'
516,1,8,102.15,'2023-09-12 13:41:04'
517,2,3,84.3,'2020-05-17 13:41:04'
518,2,12,68.09,'2025-01-29 13:41:04'
519,2,2,115.81,'2022-11-28 13:41:04'
520,1,16,87.88,'2024-04-22 13:41:04'
521,1,17,46.96,'2020-12-22 13:41:04'
522,3,12,41.77,'2024-03-10 13:41:04'
523,3,1,108.96,'2023-02-20 13:41:04'
524,2,9,39.74,'2021-10-15 13:41:04'
525,2,1,61.14,'2024-12-11 13:41:04'
526,3,20,93.49,'2022-01-18 13:41:04'
527,3,2,39.14,'2023-12-04 13:41:04'
528,2,20,45.67,'2025-03-01 13:41:04'
529,1,13,117.79,'2023-01-27 13:41:04'
530,2,15,71.32,'2020-06-23 13:41:04'
531,3,1,72.56,'2025-01-19 13:41:04'
532,2,17,27.31,'2022-10-15 13:41:04'
533,3,3,44.38,'2022-01-21 13:41:04'
534,2,2,44.16,'2024-02-21 13:41:04'
535,2,16,31.79,'2020-09-12 13:41:04'
536,1,19,59.53,'2022-02-27 13:41:04'
537,1,12,30.35,'2022-02-06 13:41:04'
538,1,9,88.12,'2024-04-05 13:41:04'
539,3,14,47.26,'2023-11-11 13:41:04'
540,2,6,68.26,'2023-06-01 13:41:04'
541,2,17,100.88,'2022-10-16 13:41:04'
542,2,16,52.07,'2020-11-05 13:41:04'
543,1,15,50.9,'2024-12-25 13:41:04'
544,2,10,95.24,'2024-05-19 13:41:04'
545,2,12,44.09,'2021-07-19 13:41:04'
546,2,7,95.12,'2021-06-21 13:41:04'
547,2,6,55.89,'2020-09-03 13:41:04'
548,2,18,64.55,'2022-04-18 13:41:04'
549,1,12,57.37,'2023-09-20 13:41:04'
550,3,9,64.73,'2021-12-30 13:41:04'
551,2,1,23.13,'2021-03-28 13:41:04'
552,2,18,100.63,'2024-06-03 13:41:04'
553,3,14,76.7,'2022-10-11 13:41:04'
554,1,6,63.52,'2024-12-29 13:41:04'
555,1,7,46.43,'2020-09-14 13:41:04'
556,3,12,103.55,'2020-07-30 13:41:04'
557,1,20,44.94,'2025-03-01 13:41:04'
558,2,17,59.43,'2023-01-07 13:41:04'
559,1,3,79.93,'2020-10-18 13:41:04'
560,1,1,85.1,'2024-11-25 13:41:04'
561,1,12,116.65,'2024-09-30 13:41:04'
562,1,9,90.51,'2022-12-16 13:41:04'
563,1,18,89.33,'2022-04-10 13:41:04'
564,2,15,112.44,'2024-08-19 13:41:04'
565,1,13,105.26,'2022-04-05 13:41:04'
566,1,18,39.58,'2024-08-23 13:41:04'
567,2,19,79.93,'2022-12-01 13:41:04'
568,1,15,42.45,'2024-06-17 13:41:04'
569,3,13,97.44,'2024-06-17 13:41:04'
570,3,6,66.61,'2024-02-23 13:41:04'
571,2,6,105.33,'2022-01-01 13:41:04'
572,2,10,112.14,'2024-07-16 13:41:04'
573,2,7,102.91,'2021-07-10 13:41:04'
574,2,10,103.94,'2022-03-13 13:41:04'
575,3,8,92.32,'2024-08-20 13:41:04'
576,1,6,111.35,'2021-07-30 13:41:04'
577,2,17,102.3,'2023-09-05 13:41:04'
578,1,4,94.39,'2025-02-01 13:41:04'
579,2,10,42.71,'2025-02-20 13:41:04'
580,2,3,47.73,'2023-02-05 13:41:04'
581,3,3,81.68,'2023-08-28 13:41:04'
582,3,3,72.46,'2022-10-29 13:41:04'
583,3,7,52.7,'2022-02-01 13:41:04'
584,3,7,78.63,'2020-05-27 13:41:04'
585,3,19,62.71,'2022-01-04 13:41:04'
586,3,15,116.08,'2022-03-02 13:41:04'
587,2,10,89.53,'2021-10-28 13:41:04'
588,3,12,74.97,'2022-04-08 13:41:04'
589,3,3,64.28,'2022-07-16 13:41:04'
590,2,11,25.21,'2020-09-29 13:41:04'
591,3,4,87.92,'2020-11-24 13:41:04'
592,3,7,43.44,'2021-04-16 13:41:04'
593,1,16,29.9,'2022-07-28 13:41:04'
594,3,1,65.29,'2020-07-17 13:41:04'
595,3,16,76.56,'2023-05-31 13:41:04'
596,2,1,87.69,'2023-05-09 13:41:04'
597,3,18,36.49,'2021-08-27 13:41:04'
598,2,4,38.85,'2025-02-28 13:41:04'
599,3,17,30.53,'2024-04-07 13:41:04'
600,3,14,63.16,'2023-06-15 13:41:04'
601,1,16,76.31,'2023-01-15 13:41:04'
602,2,4,92.79,'2024-08-07 13:41:04'
603,1,3,26.24,'2022-04-07 13:41:04'
604,3,17,90.25,'2022-02-11 13:41:04'
605,2,8,95.85,'2024-01-13 13:41:04'
606,2,2,108.97,'2020-10-29 13:41:04'
607,3,11,33.31,'2024-03-27 13:41:04'
608,2,15,87.86,'2024-06-18 13:41:04'
609,2,20,98.78,'2025-01-28 13:41:04'
610,2,1,50.82,'2020-11-08 13:41:04'
611,3,1,36.88,'2022-02-19 13:41:04'
612,1,17,74.24,'2024-03-15 13:41:04'
613,1,9,113.34,'2024-11-07 13:41:04'
614,2,11,84.93,'2021-10-27 13:41:04'
615,3,13,105.71,'2021-04-17 13:41:04'
616,3,9,85.64,'2021-05-21 13:41:04'
617,2,2,75.18,'2020-08-14 13:41:04'
618,2,19,47.88,'2021-08-12 13:41:04'
619,2,3,108.11,'2023-01-09 13:41:04'
620,3,20,79.44,'2021-01-17 13:41:04'
621,1,14,113.86,'2021-05-13 13:41:04'
622,3,8,62.25,'2025-01-21 13:41:04'
623,2,17,47.11,'2020-09-05 13:41:04'
624,2,7,109.95,'2023-08-11 13:41:04'
625,1,5,88.94,'2023-01-03 13:41:04'
626,2,1,114.6,'2023-11-18 13:41:04'
627,3,14,105.34,'2024-10-08 13:41:04'
628,2,6,75.64,'2025-01-17 13:41:04'
629,2,11,103.34,'2021-09-30 13:41:04'
630,2,15,105.26,'2022-09-11 13:41:04'
631,2,20,87.15,'2022-03-01 13:41:04'
632,1,2,77.98,'2024-02-11 13:41:04'
633,3,17,97.42,'2021-03-09 13:41:04'
634,1,10,23.43,'2020-10-10 13:41:04'
635,3,10,78.15,'2021-07-27 13:41:04'
636,3,14,72.6,'2022-01-21 13:41:04'
637,1,10,100.55,'2024-12-17 13:41:04'
638,3,2,48.05,'2024-05-10 13:41:04'
639,1,1,80.5,'2021-04-12 13:41:04'
640,3,11,97.19,'2022-01-04 13:41:04'
641,2,10,87.49,'2022-04-22 13:41:04'
642,2,16,68.6,'2023-04-21 13:41:04'
643,3,20,49.2,'2025-01-04 13:41:04'
644,1,19,64.73,'2024-08-20 13:41:04'
645,1,4,88.51,'2020-03-31 13:41:04'
646,1,5,117.25,'2022-06-29 13:41:04'
647,2,10,111.35,'2022-08-04 13:41:04'
648,2,2,57.97,'2021-02-28 13:41:04'
649,2,7,57.34,'2021-05-11 13:41:04'
650,1,20,79.22,'2020-05-08 13:41:04'
651,3,8,60.0,'2021-04-12 13:41:04'
652,2,14,70.0,'2021-01-04 13:41:04'
653,2,9,88.42,'2022-07-11 13:41:04'
654,3,19,62.77,'2023-10-05 13:41:04'
655,1,13,64.08,'2024-04-28 13:41:04'
656,3,6,72.06,'2022-06-23 13:41:04'
657,1,6,118.58,'2020-05-24 13:41:04'
658,1,5,110.18,'2021-06-30 13:41:04'
659,3,6,59.1,'2020-10-12 13:41:04'
660,3,4,20.79,'2024-12-06 13:41:04'
661,2,1,23.03,'2022-09-26 13:41:04'
662,3,3,36.1,'2020-06-04 13:41:04'
663,3,14,88.72,'2025-01-10 13:41:04'
664,2,10,112.15,'2021-01-22 13:41:04'
665,1,5,73.86,'2021-01-15 13:41:04'
666,3,17,22.69,'2020-04-18 13:41:04'
667,2,4,41.04,'2024-01-08 13:41:04'
668,3,11,115.1,'2021-10-20 13:41:04'
669,1,18,115.65,'2024-09-02 13:41:04'
670,3,20,101.86,'2024-11-19 13:41:04'
671,2,4,81.41,'2021-04-15 13:41:04'
672,3,5,53.64,'2022-01-22 13:41:04'
673,3,1,61.08,'2022-09-09 13:41:04'
674,3,10,102.78,'2023-09-19 13:41:04'
675,2,8,107.67,'2022-10-12 13:41:04'
676,2,10,64.36,'2024-04-17 13:41:04'
677,1,3,27.93,'2024-11-13 13:41:04'
678,2,5,35.72,'2024-06-09 13:41:04'
679,1,20,40.55,'2023-08-16 13:41:04'
680,2,17,57.02,'2025-03-04 13:41:04'
681,3,3,90.67,'2021-10-26 13:41:04'
682,2,9,86.77,'2020-05-18 13:41:04'
683,3,13,109.67,'2023-02-11 13:41:04'
684,1,12,91.88,'2023-03-01 13:41:04'
685,3,10,116.96,'2021-03-17 13:41:04'
686,1,8,33.27,'2021-05-21 13:41:04'
687,3,20,28.65,'2024-07-27 13:41:04'
688,1,14,114.42,'2022-01-25 13:41:04'
689,1,11,92.0,'2025-01-05 13:41:04'
690,1,1,104.06,'2021-04-04 13:41:04'
691,3,14,63.2,'2021-07-07 13:41:04'
692,2,17,45.34,'2024-12-07 13:41:04'
693,2,15,48.72,'2021-04-30 13:41:04'
694,1,1,66.37,'2020-06-23 13:41:04'
695,2,20,62.15,'2024-11-18 13:41:04'
696,2,1,116.11,'2023-05-15 13:41:04'
697,3,7,46.41,'2024-05-05 13:41:04'
698,3,1,63.79,'2022-05-12 13:41:04'
699,2,2,76.8,'2022-06-19 13:41:04'
700,3,1,35.06,'2020-05-25 13:41:04'
701,2,6,58.5,'2025-03-14 13:41:04'
702,3,10,89.57,'2021-05-27 13:41:04'
703,1,11,83.42,'2023-06-04 13:41:04'
704,3,4,53.4,'2024-04-11 13:41:04'
705,2,5,94.78,'2022-07-20 13:41:04'
706,2,5,87.88,'2022-11-27 13:41:04'
707,1,15,64.87,'2023-12-10 13:41:04'
708,2,12,27.99,'2021-07-19 13:41:04'
709,1,13,61.54,'2022-05-07 13:41:04'
710,2,5,44.27,'2020-05-03 13:41:04'
711,3,20,63.38,'2021-01-06 13:41:04'
712,3,8,26.91,'2023-10-01 13:41:04'
713,2,4,82.78,'2021-01-29 13:41:04'
714,1,20,116.43,'2020-12-15 13:41:04'
715,2,4,108.97,'2021-09-19 13:41:04'
716,1,9,91.12,'2022-03-31 13:41:04'
717,1,20,56.39,'2020-12-23 13:41:04'
718,1,13,28.38,'2023-08-14 13:41:04'
719,1,3,76.37,'2021-07-08 13:41:04'
720,3,18,58.12,'2022-06-15 13:41:04'
721,1,6,66.84,'2021-05-21 13:41:04'
722,3,18,60.7,'2022-01-12 13:41:04'
723,3,19,77.7,'2021-12-01 13:41:04'
724,3,3,68.17,'2022-11-28 13:41:04'
725,2,3,77.91,'2022-07-26 13:41:04'
726,2,10,49.19,'2023-03-11 13:41:04'
727,2,4,78.5,'2020-12-22 13:41:04'
728,1,5,33.95,'2025-02-13 13:41:04'
729,3,14,68.04,'2024-04-19 13:41:04'
730,2,1,67.12,'2020-08-06 13:41:04'
731,1,10,90.6,'2024-01-12 13:41:04'
732,3,9,101.79,'2025-01-11 13:41:04'
733,3,14,119.56,'2022-09-19 13:41:04'
734,3,1,107.92,'2024-06-11 13:41:04'
735,1,1,52.53,'2022-04-14 13:41:04'
736,1,16,62.96,'2020-09-24 13:41:04'
737,3,12,74.45,'2021-12-28 13:41:04'
738,1,14,95.22,'2020-03-28 13:41:04'
739,2,10,61.97,'2022-03-27 13:41:04'
740,2,2,94.02,'2024-11-03 13:41:04'
741,2,5,67.04,'2023-04-09 13:41:04'
742,1,14,62.45,'2021-04-30 13:41:04'
743,2,11,49.17,'2021-05-29 13:41:04'
744,2,3,22.94,'2024-09-20 13:41:04'
745,1,17,57.45,'2021-01-16 13:41:04'
746,3,4,59.5,'2024-08-17 13:41:04'
747,2,5,100.5,'2024-06-14 13:41:04'
748,1,5,42.93,'2023-11-23 13:41:04'
749,1,6,53.06,'2020-11-06 13:41:04'
750,1,3,63.02,'2020-10-05 13:41:04'
751,3,20,59.8,'2023-05-11 13:41:04'
752,3,1,39.37,'2024-01-31 13:41:04'
753,2,15,113.39,'2022-12-26 13:41:04'
754,2,7,86.81,'2020-04-28 13:41:04'
755,3,18,92.97,'2022-12-26 13:41:04'
756,1,13,103.21,'2022-09-01 13:41:04'
757,2,16,90.38,'2024-10-03 13:41:04'
758,2,20,73.13,'2020-07-21 13:41:04'
759,2,14,55.47,'2020-09-10 13:41:04'
760,1,17,25.59,'2023-05-08 13:41:04'
761,2,3,22.37,'2022-12-05 13:41:04'
762,1,9,60.18,'2021-10-30 13:41:04'
763,2,15,28.67,'2021-11-19 13:41:04'
764,2,4,54.62,'2024-11-22 13:41:04'
765,1,13,93.67,'2020-05-26 13:41:04'
766,3,9,62.81,'2020-12-18 13:41:04'
767,2,11,71.78,'2021-04-06 13:41:04'
768,1,16,100.81,'2020-11-08 13:41:04'
769,3,8,119.48,'2023-12-27 13:41:04'
770,2,9,38.18,'2022-02-18 13:41:04'
771,2,8,71.86,'2024-02-10 13:41:04'
772,3,12,77.52,'2021-05-26 13:41:04'
773,2,3,85.47,'2023-02-23 13:41:04'
774,1,20,58.7,'2022-08-09 13:41:04'
775,1,19,62.13,'2021-02-04 13:41:04'
776,3,10,54.4,'2021-05-08 13:41:04'
777,3,9,49.28,'2024-01-28 13:41:04'
778,3,8,66.0,'2021-07-01 13:41:04'
779,3,12,82.57,'2024-05-21 13:41:04'
780,3,14,63.93,'2025-01-26 13:41:04'
781,2,8,73.79,'2024-04-30 13:41:04'
782,1,2,98.17,'2021-08-06 13:41:04'
783,1,15,101.8,'2024-11-22 13:41:04'
784,1,5,85.34,'2023-07-30 13:41:04'
785,3,5,115.2,'2022-10-22 13:41:04'
786,2,2,102.47,'2024-11-09 13:41:04'
787,1,11,73.76,'2024-12-28 13:41:04'
788,2,10,70.76,'2022-02-27 13:41:04'
789,3,8,106.73,'2024-09-04 13:41:04'
790,2,18,95.85,'2022-02-19 13:41:04'
791,2,10,75.23,'2021-03-27 13:41:04'
792,1,6,68.32,'2021-09-24 13:41:04'
793,3,17,106.18,'2025-01-31 13:41:04'
794,1,13,21.61,'2020-04-05 13:41:04'
795,3,9,42.17,'2020-12-30 13:41:04'
796,3,3,43.14,'2022-09-10 13:41:04'
797,3,10,29.91,'2021-06-11 13:41:04'
798,2,15,70.81,'2023-10-20 13:41:04'
799,1,12,77.5,'2023-04-22 13:41:04'
800,1,7,42.98,'2020-12-16 13:41:04'
801,1,7,86.06,'2022-03-28 13:41:04'
802,2,11,29.83,'2025-01-27 13:41:04'
803,3,5,33.86,'2021-01-11 13:41:04'
804,3,10,87.01,'2020-03-31 13:41:04'
805,3,9,60.1,'2024-06-16 13:41:04'
806,3,1,104.69,'2021-12-05 13:41:04'
807,2,19,83.55,'2022-02-27 13:41:04'
808,3,1,107.55,'2022-06-28 13:41:04'
809,2,8,107.85,'2022-08-14 13:41:04'
810,3,15,65.74,'2023-08-27 13:41:04'
811,1,12,41.93,'2022-01-12 13:41:04'
812,2,16,69.7,'2021-04-18 13:41:04'
813,3,5,101.06,'2022-06-08 13:41:04'
814,1,11,55.83,'2021-09-09 13:41:04'
815,1,4,58.21,'2020-11-03 13:41:04'
816,1,4,53.1,'2024-03-16 13:41:04'
817,3,19,94.8,'2022-05-11 13:41:04'
818,3,10,93.71,'2025-03-08 13:41:04'
819,3,9,71.19,'2025-03-17 13:41:04'
820,3,20,71.49,'2020-05-10 13:41:04'
821,3,13,52.16,'2023-09-25 13:41:04'
822,3,7,108.08,'2024-12-01 13:41:04'
823,3,5,66.18,'2024-10-27 13:41:04'
824,2,15,55.66,'2020-09-18 13:41:04'
825,1,14,114.9,'2024-03-01 13:41:04'
826,2,15,85.34,'2024-10-01 13:41:04'
827,1,13,96.3,'2022-04-04 13:41:04'
828,2,15,30.74,'2024-08-06 13:41:04'
829,1,17,58.56,'2023-01-22 13:41:04'
830,2,2,27.52,'2024-06-13 13:41:04'
831,2,5,101.13,'2022-02-27 13:41:04'
832,1,15,91.16,'2022-03-05 13:41:04'
833,3,12,43.89,'2020-09-23 13:41:04'
834,3,14,56.35,'2023-04-26 13:41:04'
835,3,10,110.68,'2020-09-18 13:41:04'
836,3,8,56.81,'2023-05-19 13:41:04'
837,3,12,101.96,'2020-04-05 13:41:04'
838,2,10,69.12,'2023-03-29 13:41:04'
839,1,3,89.58,'2023-05-07 13:41:04'
840,3,3,91.82,'2020-12-26 13:41:04'
841,3,7,80.61,'2024-01-28 13:41:04'
842,3,2,80.86,'2024-01-13 13:41:04'
843,3,10,72.88,'2020-07-04 13:41:04'
844,2,6,52.84,'2024-05-30 13:41:04'
845,2,14,40.3,'2020-05-31 13:41:04'
846,2,14,105.52,'2023-04-24 13:41:04'
847,1,3,74.34,'2021-10-08 13:41:04'
848,3,2,116.87,'2021-08-20 13:41:04'
849,1,10,24.68,'2022-08-07 13:41:04'
850,1,11,45.0,'2020-11-21 13:41:04'
851,1,15,115.95,'2025-01-29 13:41:04'
852,2,3,79.31,'2020-11-08 13:41:04'
853,2,8,69.73,'2023-03-18 13:41:04'
854,2,9,40.95,'2020-07-01 13:41:04'
855,2,7,100.49,'2022-02-10 13:41:04'
856,2,9,23.34,'2022-11-07 13:41:04'
857,1,9,112.64,'2022-11-30 13:41:04'
858,1,19,20.9,'2023-06-07 13:41:04'
859,2,2,73.3,'2023-09-27 13:41:04'
860,2,16,81.05,'2021-01-03 13:41:04'
861,1,6,34.07,'2023-03-30 13:41:04'
862,1,6,85.93,'2021-05-05 13:41:04'
863,2,6,116.37,'2020-05-05 13:41:04'
864,2,6,76.74,'2023-02-10 13:41:04'
865,2,16,106.9,'2024-04-15 13:41:04'
866,1,3,96.19,'2024-06-15 13:41:04'
867,3,12,85.58,'2024-11-15 13:41:04'
868,2,3,64.77,'2021-03-14 13:41:04'
869,1,13,99.26,'2023-07-11 13:41:04'
870,1,3,94.21,'2021-04-05 13:41:04'
871,2,18,26.32,'2023-03-15 13:41:04'
872,2,3,69.12,'2024-04-26 13:41:04'
873,2,10,70.63,'2023-10-11 13:41:04'
874,3,8,37.21,'2022-02-05 13:41:04'
875,1,19,59.32,'2023-07-06 13:41:04'
876,3,6,102.45,'2022-10-24 13:41:04'
877,2,12,34.15,'2020-09-23 13:41:04'
878,3,13,58.62,'2022-01-12 13:41:04'
879,3,8,78.82,'2023-06-11 13:41:04'
880,3,17,50.73,'2021-01-07 13:41:04'
881,3,10,30.49,'2022-02-22 13:41:04'
882,2,5,31.5,'2024-03-17 13:41:04'
883,1,3,69.8,'2022-12-09 13:41:04'
884,1,10,59.01,'2021-03-28 13:41:04'
885,1,14,103.26,'2020-09-11 13:41:04'
886,3,11,81.7,'2023-03-20 13:41:04'
887,1,20,89.16,'2020-06-24 13:41:04'
888,3,11,117.64,'2022-12-26 13:41:04'
889,2,17,27.97,'2022-07-22 13:41:04'
890,2,10,119.21,'2020-05-28 13:41:04'
891,2,18,23.81,'2023-06-30 13:41:04'
892,1,5,119.93,'2024-06-25 13:41:04'
893,3,16,78.12,'2021-10-02 13:41:04'
894,2,13,115.5,'2024-04-12 13:41:04'
895,3,7,112.2,'2024-04-13 13:41:04'
896,2,13,66.96,'2021-04-05 13:41:04'
897,1,14,90.39,'2021-12-31 13:41:04'
898,1,7,45.93,'2022-08-22 13:41:04'
899,2,7,78.08,'2022-08-08 13:41:04'
900,1,6,69.84,'2023-12-21 13:41:04'
901,1,17,87.47,'2020-10-05 13:41:04'
902,2,19,89.15,'2022-07-24 13:41:04'
903,3,1,60.68,'2020-07-04 13:41:04'
904,3,10,95.71,'2024-03-24 13:41:04'
905,3,14,104.61,'2020-06-21 13:41:04'
906,1,19,39.75,'2023-11-09 13:41:04'
907,1,4,42.86,'2025-03-25 13:41:04'
908,2,8,115.41,'2021-07-21 13:41:04'
909,2,5,107.36,'2025-01-18 13:41:04'
910,1,6,110.34,'2021-06-30 13:41:04'
911,2,9,68.64,'2022-08-22 13:41:04'
912,3,4,114.52,'2020-12-30 13:41:04'
913,1,6,107.38,'2021-10-01 13:41:04'
914,2,20,26.2,'2023-11-11 13:41:04'
915,3,7,84.14,'2023-12-13 13:41:04'
916,3,19,26.98,'2022-05-04 13:41:04'
917,2,15,34.39,'2023-07-26 13:41:04'
918,3,10,113.88,'2022-07-16 13:41:04'
919,3,16,43.83,'2022-03-09 13:41:04'
920,3,17,76.34,'2023-10-01 13:41:04'
921,1,16,77.87,'2022-06-13 13:41:04'
922,1,16,115.38,'2020-12-02 13:41:04'
923,3,12,36.11,'2022-05-01 13:41:04'
924,3,4,95.61,'2021-04-16 13:41:04'
925,3,19,38.79,'2023-05-28 13:41:04'
926,3,17,69.6,'2021-06-26 13:41:04'
927,2,6,42.83,'2024-08-26 13:41:04'
928,1,6,20.19,'2024-06-16 13:41:04'
929,2,7,97.53,'2022-08-22 13:41:04'
930,1,8,63.85,'2024-07-30 13:41:04'
931,1,10,54.6,'2021-06-19 13:41:04'
932,1,1,23.15,'2021-09-08 13:41:04'
933,1,14,26.23,'2024-06-03 13:41:04'
934,2,12,110.61,'2021-07-15 13:41:04'
935,3,2,29.09,'2023-11-15 13:41:04'
936,2,16,106.01,'2021-01-03 13:41:04'
937,2,15,105.94,'2023-10-03 13:41:04'
938,1,15,72.79,'2024-03-26 13:41:04'
939,2,7,111.14,'2020-09-18 13:41:04'
940,2,8,43.23,'2024-02-05 13:41:04'
941,1,7,59.67,'2022-03-12 13:41:04'
942,1,14,83.5,'2024-12-11 13:41:04'
943,1,7,53.22,'2020-07-23 13:41:04'
944,1,8,70.52,'2022-11-14 13:41:04'
945,3,15,50.2,'2021-08-17 13:41:04'
946,2,10,28.14,'2023-11-08 13:41:04'
947,1,7,46.25,'2020-07-03 13:41:04'
948,1,13,87.2,'2022-01-28 13:41:04'
949,3,16,83.06,'2023-09-30 13:41:04'
950,2,18,33.85,'2024-11-17 13:41:04'
951,3,9,26.22,'2022-05-18 13:41:04'
952,1,15,106.69,'2023-04-18 13:41:04'
953,2,3,31.05,'2023-10-08 13:41:04'
954,3,14,70.97,'2020-04-07 13:41:04'
955,2,13,82.41,'2023-12-28 13:41:04'
956,2,11,99.89,'2020-05-10 13:41:04'
957,3,4,113.76,'2023-08-21 13:41:04'
958,2,11,29.97,'2020-10-19 13:41:04'
959,2,6,56.3,'2021-03-11 13:41:04'
960,3,14,73.37,'2022-12-30 13:41:04'
961,3,20,105.76,'2023-01-27 13:41:04'
962,3,20,63.97,'2020-10-21 13:41:04'
963,1,20,110.02,'2023-06-03 13:41:04'
964,2,9,117.91,'2021-09-18 13:41:04'
965,3,4,113.32,'2023-12-09 13:41:04'
966,2,14,101.13,'2021-06-18 13:41:04'
967,3,12,57.28,'2023-12-03 13:41:04'
968,2,7,101.06,'2021-08-02 13:41:04'
969,3,17,81.83,'2023-08-04 13:41:04'
970,3,9,37.39,'2023-03-23 13:41:04'
971,2,4,41.52,'2020-03-31 13:41:04'
972,2,12,93.94,'2020-11-26 13:41:04'
973,1,14,69.43,'2021-01-01 13:41:04'
974,2,12,78.21,'2022-11-14 13:41:04'
975,3,3,97.29,'2023-12-09 13:41:04'
976,1,3,105.59,'2020-09-14 13:41:04'
977,1,20,38.68,'2020-11-07 13:41:04'
978,2,14,77.02,'2024-01-06 13:41:04'
979,3,7,113.33,'2020-07-05 13:41:04'
980,1,5,109.93,'2020-09-28 13:41:04'
981,1,14,98.6,'2024-09-10 13:41:04'
982,1,7,52.83,'2023-04-15 13:41:04'
983,1,6,21.47,'2024-05-10 13:41:04'
984,3,13,29.71,'2023-05-22 13:41:04'
985,1,16,75.13,'2024-05-25 13:41:04'
986,1,6,24.21,'2025-03-17 13:41:04'
987,3,8,81.19,'2022-08-27 13:41:04'
988,2,15,81.65,'2023-03-05 13:41:04'
989,3,19,23.18,'2022-03-03 13:41:04'
990,3,10,40.08,'2023-10-20 13:41:04'
991,2,5,67.06,'2021-10-18 13:41:04'
992,2,5,35.77,'2022-06-13 13:41:04'
993,2,7,85.05,'2021-12-30 13:41:04'
994,3,2,34.44,'2024-11-09 13:41:04'
995,1,7,60.37,'2020-05-09 13:41:04'
996,3,18,74.06,'2022-12-07 13:41:04'
997,1,17,95.28,'2022-04-14 13:41:04'
998,1,16,46.65,'2021-12-01 13:41:04'
999,3,16,105.38,'2021-06-23 13:41:04'
1000,3,4,92.88,'2022-07-11 13:41:04'
1001,2,20,77.17,'2024-08-17 13:41:04'
1002,2,14,87.34,'2024-07-09 13:41:04'
1003,2,3,39.39,'2021-07-21 13:41:04'
1004,1,10,20.55,'2022-06-23 13:41:04'
1005,1,2,94.92,'2023-12-03 13:41:04'
1006,2,19,82.55,'2024-06-30 13:41:04'
1007,2,16,71.97,'2020-08-02 13:41:04'
1008,3,17,116.42,'2023-05-20 13:41:04'
1009,1,5,92.79,'2021-01-21 13:41:04'
1010,1,6,28.81,'2023-11-12 13:41:04'
1011,1,8,28.01,'2024-08-04 13:41:04'
1012,1,18,90.13,'2023-06-05 13:41:04'
1013,2,6,101.3,'2023-11-28 13:41:04'
1014,3,1,61.38,'2021-08-09 13:41:04'
1015,3,14,75.77,'2023-08-28 13:41:04'
1016,3,5,43.27,'2020-12-15 13:41:04'
1017,3,14,111.03,'2021-01-08 13:41:04'
1018,3,15,20.93,'2023-04-28 13:41:04'
1019,2,3,69.24,'2021-03-18 13:41:04'
1020,3,19,51.02,'2021-07-17 13:41:04'
1021,1,1,52.24,'2020-04-06 13:41:04'
1022,2,13,25.26,'2024-12-27 13:41:04'
1023,2,1,57.83,'2020-12-06 13:41:04'
1024,2,7,105.36,'2024-03-12 13:41:04'
1025,1,4,30.99,'2022-08-27 13:41:04'
1026,1,9,42.5,'2021-12-31 13:41:04'
1027,3,16,91.49,'2024-12-07 13:41:04'
1028,2,18,66.66,'2021-07-01 13:41:04'
1029,2,10,113.38,'2023-01-23 13:41:04'
1030,1,19,80.7,'2021-02-28 13:41:04'
1031,3,8,101.31,'2024-02-23 13:41:04'
1032,2,4,105.9,'2022-08-14 13:41:04'
1033,2,17,38.11,'2025-02-15 13:41:04'
1034,1,15,26.87,'2024-01-13 13:41:04'
1035,3,7,26.49,'2022-07-05 13:41:04'
1036,3,13,48.3,'2020-03-29 13:41:04'
1037,3,5,69.2,'2020-11-03 13:41:04'
1038,1,13,99.96,'2021-03-12 13:41:04'
1039,1,12,20.04,'2022-06-07 13:41:04'
1040,2,6,34.78,'2021-09-25 13:41:04'
1041,1,5,93.23,'2022-09-29 13:41:04'
1042,3,19,27.78,'2020-08-13 13:41:04'
1043,1,1,86.55,'2021-10-30 13:41:04'
1044,3,13,75.74,'2022-01-21 13:41:04'
1045,3,7,74.68,'2022-07-05 13:41:04'
1046,1,3,25.58,'2025-03-20 13:41:04'
1047,3,1,27.96,'2021-03-19 13:41:04'
1048,3,9,114.22,'2024-01-21 13:41:04'
1049,2,6,36.65,'2023-07-05 13:41:04'
1050,2,12,108.68,'2021-11-08 13:41:04'
1051,2,3,117.56,'2021-01-06 13:41:04'
1052,1,3,88.85,'2025-01-16 13:41:04'
1053,3,11,101.86,'2022-03-23 13:41:04'
1054,3,2,33.58,'2023-10-14 13:41:04'
1055,3,4,74.48,'2021-11-09 13:41:04'
1056,1,12,98.53,'2020-12-31 13:41:04'
1057,1,14,42.97,'2020-04-30 13:41:04'
1058,2,19,35.95,'2024-07-24 13:41:04'
1059,3,3,104.69,'2025-02-25 13:41:04'
1060,1,14,84.61,'2025-02-07 13:41:04'
1061,3,1,56.74,'2022-03-13 13:41:04'
1062,3,9,84.36,'2021-11-25 13:41:04'
1063,2,8,46.83,'2021-12-21 13:41:04'
1064,3,7,28.53,'2024-06-14 13:41:04'
1065,1,5,92.11,'2022-09-15 13:41:04'
1066,1,13,67.63,'2022-08-10 13:41:04'
1067,2,2,59.69,'2023-12-09 13:41:04'
1068,2,13,56.06,'2025-02-11 13:41:04'
1069,1,8,63.49,'2022-01-06 13:41:04'
1070,1,18,89.03,'2024-07-25 13:41:04'
1071,3,15,80.01,'2023-02-26 13:41:04'
1072,3,8,34.21,'2024-07-13 13:41:04'
1073,2,5,63.62,'2020-11-03 13:41:04'
1074,1,16,57.27,'2022-05-21 13:41:04'
1075,2,10,114.37,'2024-10-02 13:41:04'
1076,2,15,51.64,'2024-05-31 13:41:04'
1077,3,2,79.21,'2022-04-04 13:41:04'
1078,3,7,110.34,'2023-08-04 13:41:04'
1079,1,15,90.81,'2022-04-20 13:41:04'
1080,1,2,57.91,'2020-11-26 13:41:04'
1081,1,3,77.39,'2024-06-14 13:41:04'
1082,1,18,97.52,'2022-01-02 13:41:04'
1083,2,11,91.16,'2022-09-11 13:41:04'
1084,3,19,30.24,'2022-02-09 13:41:04'
1085,2,5,75.11,'2020-12-02 13:41:04'
1086,2,3,68.02,'2023-03-04 13:41:04'
1087,2,18,23.51,'2021-12-27 13:41:04'
1088,2,20,114.22,'2023-08-13 13:41:04'
1089,1,14,116.86,'2023-11-13 13:41:04'
1090,1,8,51.31,'2022-02-10 13:41:04'
1091,1,1,58.7,'2025-02-16 13:41:04'
1092,3,6,97.04,'2023-05-30 13:41:04'
1093,1,19,32.61,'2024-12-16 13:41:04'
1094,1,7,26.81,'2020-04-28 13:41:04'
1095,3,10,51.33,'2023-02-11 13:41:04'
1096,3,18,65.66,'2023-06-09 13:41:04'
1097,3,12,70.89,'2021-08-25 13:41:04'
1098,2,9,55.83,'2020-11-15 13:41:04'
1099,3,7,100.05,'2023-09-28 13:41:04'
1100,3,11,39.89,'2023-03-03 13:41:04'
1101,1,3,79.31,'2020-10-03 13:41:04'
1102,1,18,31.39,'2025-01-30 13:41:04'
1103,2,18,100.34,'2021-08-27 13:41:04'
1104,1,1,30.34,'2021-06-20 13:41:04'
1105,1,10,57.58,'2024-02-25 13:41:04'
1106,3,8,37.06,'2020-11-20 13:41:04'
1107,2,10,53.48,'2024-05-01 13:41:04'
1108,3,13,74.84,'2021-08-20 13:41:04'
1109,3,12,106.0,'2021-01-26 13:41:04'
1110,3,11,91.85,'2022-08-09 13:41:04'
1111,2,5,31.86,'2024-08-07 13:41:04'
1112,1,12,98.29,'2022-04-28 13:41:04'
1113,2,16,87.33,'2023-10-20 13:41:04'
1114,2,14,52.92,'2024-04-16 13:41:04'
1115,2,8,92.04,'2021-11-27 13:41:04'
1116,1,10,35.54,'2024-04-20 13:41:04'
1117,3,19,40.29,'2022-09-10 13:41:04'
1118,1,12,61.29,'2022-10-02 13:41:04'
1119,2,9,35.64,'2023-09-02 13:41:04'
1120,2,19,79.39,'2021-01-22 13:41:04'
1121,3,15,61.42,'2023-02-14 13:41:04'
1122,1,19,85.18,'2025-02-15 13:41:04'
1123,3,3,59.24,'2021-06-03 13:41:04'
1124,3,14,82.88,'2024-10-25 13:41:04'
1125,2,15,117.55,'2024-09-22 13:41:04'
1126,2,15,90.42,'2021-11-24 13:41:04'
1127,1,6,103.65,'2023-12-17 13:41:04'
1128,1,20,89.77,'2022-01-12 13:41:04'
1129,1,7,45.29,'2024-08-17 13:41:04'
1130,2,13,26.9,'2021-11-24 13:41:04'
1131,2,6,24.98,'2020-07-02 13:41:04'
1132,1,12,55.28,'2024-01-04 13:41:04'
1133,1,9,47.82,'2022-07-03 13:41:04'
1134,3,19,111.27,'2022-10-17 13:41:04'
1135,3,13,50.88,'2023-05-20 13:41:04'
1136,3,2,86.05,'2023-08-28 13:41:04'
1137,3,15,81.92,'2023-05-01 13:41:04'
1138,3,9,32.48,'2024-10-10 13:41:04'
1139,3,13,50.34,'2021-09-07 13:41:04'
1140,3,19,119.36,'2021-03-28 13:41:04'
1141,2,1,87.8,'2025-02-12 13:41:04'
1142,1,3,62.74,'2020-12-04 13:41:04'
1143,2,16,103.08,'2022-09-26 13:41:04'
1144,3,6,91.89,'2020-06-05 13:41:04'
1145,2,5,89.65,'2020-08-27 13:41:04'
1146,1,19,46.84,'2025-02-10 13:41:04'
1147,2,6,66.29,'2021-07-16 13:41:04'
1148,1,20,22.03,'2023-12-19 13:41:04'
1149,1,2,41.3,'2022-11-14 13:41:04'
1150,3,2,63.9,'2020-11-24 13:41:04'
1151,1,2,76.35,'2024-05-28 13:41:04'
1152,3,18,67.56,'2021-03-14 13:41:04'
1153,3,2,105.32,'2023-11-20 13:41:04'
1154,3,3,51.75,'2020-10-11 13:41:04'
1155,2,8,113.13,'2023-09-29 13:41:04'
1156,1,7,40.15,'2021-06-21 13:41:04'
1157,2,12,119.82,'2021-03-23 13:41:04'
1158,2,14,99.64,'2023-08-12 13:41:04'
1159,2,11,33.14,'2024-04-13 13:41:04'
1160,2,1,116.86,'2020-06-10 13:41:04'
1161,2,11,30.83,'2024-11-11 13:41:04'
1162,1,12,25.01,'2024-01-24 13:41:04'
1163,1,10,22.95,'2020-04-15 13:41:04'
1164,3,4,62.74,'2020-12-23 13:41:04'
1165,3,6,106.91,'2024-01-19 13:41:04'
1166,3,2,67.9,'2021-10-01 13:41:04'
1167,2,8,115.56,'2023-12-21 13:41:04'
1168,1,20,63.6,'2023-04-27 13:41:04'
1169,1,17,93.88,'2021-10-30 13:41:04'
1170,3,18,103.71,'2024-09-02 13:41:04'
1171,1,3,111.5,'2021-03-25 13:41:04'
1172,2,7,92.16,'2024-10-11 13:41:04'
1173,2,18,104.95,'2024-04-06 13:41:04'
1174,2,12,52.75,'2024-06-20 13:41:04'
1175,3,9,38.25,'2024-11-25 13:41:04'
1176,2,13,110.11,'2022-03-15 13:41:04'
1177,3,11,29.52,'2021-11-10 13:41:04'
1178,1,17,40.15,'2021-06-09 13:41:04'
1179,2,16,51.69,'2022-04-13 13:41:04'
1180,2,4,26.29,'2021-12-28 13:41:04'
1181,1,9,64.87,'2021-03-27 13:41:04'
1182,1,2,79.62,'2021-05-14 13:41:04'
1183,1,14,60.23,'2021-10-26 13:41:04'
1184,1,2,65.2,'2024-02-27 13:41:04'
1185,2,18,30.23,'2022-09-25 13:41:04'
1186,3,18,110.65,'2021-05-28 13:41:04'
1187,2,11,99.69,'2020-08-09 13:41:04'
1188,2,12,110.48,'2022-11-03 13:41:04'
1189,2,10,55.32,'2025-02-19 13:41:04'
1190,3,6,107.56,'2022-01-13 13:41:04'
1191,3,6,87.97,'2020-07-12 13:41:04'
1192,1,4,32.32,'2023-07-24 13:41:04'
1193,2,20,119.65,'2024-12-21 13:41:04'
1194,1,17,112.06,'2024-06-17 13:41:04'
1195,2,16,81.9,'2020-11-08 13:41:04'
1196,1,9,44.63,'2022-08-29 13:41:04'
1197,3,3,62.78,'2020-09-17 13:41:04'
1198,2,12,112.76,'2023-01-18 13:41:04'
1199,3,19,62.85,'2023-09-05 13:41:04'
1200,1,6,114.8,'2024-10-17 13:41:04'
1201,3,8,70.92,'2022-01-24 13:41:04'
1202,3,14,96.88,'2022-10-16 13:41:04'
1203,2,9,73.26,'2021-07-17 13:41:04'
1204,2,6,52.49,'2024-04-27 13:41:04'
1205,2,8,115.57,'2020-06-03 13:41:04'
1206,1,13,51.76,'2022-11-24 13:41:04'
1207,1,16,55.12,'2024-12-16 13:41:04'
1208,3,8,61.89,'2023-08-19 13:41:04'
1209,3,19,74.62,'2022-09-15 13:41:04'
1210,2,20,98.31,'2024-10-08 13:41:04'
1211,1,9,80.23,'2023-03-27 13:41:04'
1212,3,12,76.37,'2023-07-24 13:41:04'
1213,3,12,84.55,'2020-07-21 13:41:04'
1214,3,19,102.81,'2024-06-16 13:41:04'
1215,2,1,64.06,'2023-09-16 13:41:04'
1216,1,15,80.75,'2020-11-14 13:41:04'
1217,2,12,85.27,'2020-06-01 13:41:04'
1218,2,14,98.85,'2020-06-10 13:41:04'
1219,1,10,89.99,'2024-07-31 13:41:04'
1220,1,11,70.36,'2020-05-17 13:41:04'
1221,2,2,111.37,'2021-04-27 13:41:04'
1222,2,10,107.66,'2023-02-10 13:41:04'
1223,1,9,84.4,'2020-11-28 13:41:04'
1224,3,4,25.71,'2024-10-29 13:41:04'
1225,1,15,81.05,'2024-08-18 13:41:04'
1226,1,17,28.43,'2021-05-13 13:41:04'
1227,2,11,26.68,'2022-04-10 13:41:04'
1228,2,17,71.96,'2024-03-30 13:41:04'
1229,3,8,60.94,'2023-07-13 13:41:04'
1230,2,10,71.1,'2024-04-06 13:41:04'
1231,2,5,63.41,'2020-10-19 13:41:04'
1232,2,9,66.54,'2022-11-15 13:41:04'
1233,3,3,105.51,'2023-01-08 13:41:04'
1234,2,18,46.22,'2021-03-01 13:41:04'
1235,3,1,100.49,'2020-05-05 13:41:04'
1236,3,5,40.07,'2024-10-16 13:41:04'
1237,1,13,65.68,'2021-01-20 13:41:04'
1238,2,2,92.18,'2024-11-10 13:41:04'
1239,1,13,90.25,'2024-11-13 13:41:04'
1240,1,15,38.57,'2024-01-21 13:41:04'
1241,3,3,89.94,'2020-11-12 13:41:04'
1242,1,17,21.18,'2024-12-31 13:41:04'
1243,2,8,31.95,'2023-07-14 13:41:04'
1244,1,15,76.84,'2023-02-10 13:41:04'
1245,2,7,52.57,'2020-04-05 13:41:04'
1246,3,3,48.82,'2020-12-15 13:41:04'
1247,2,18,100.89,'2022-05-27 13:41:04'
1248,1,17,21.44,'2025-03-04 13:41:04'
1249,2,15,78.02,'2021-11-29 13:41:04'
1250,2,15,38.62,'2021-03-06 13:41:04'
1251,1,5,36.55,'2020-05-29 13:41:04'
1252,1,2,52.12,'2020-06-09 13:41:04'
1253,3,11,116.16,'2021-03-19 13:41:04'
1254,3,4,94.85,'2021-03-05 13:41:04'
1255,3,11,21.87,'2021-11-15 13:41:04'
1256,3,20,113.94,'2022-03-22 13:41:04'
1257,2,5,77.59,'2023-09-27 13:41:04'
1258,3,14,68.58,'2024-04-11 13:41:04'
1259,1,17,77.74,'2024-03-05 13:41:04'
1260,3,4,26.47,'2024-04-30 13:41:04'
1261,1,14,91.62,'2021-07-29 13:41:04'
1262,1,6,75.44,'2024-08-09 13:41:04'
1263,1,1,39.43,'2021-09-13 13:41:04'
1264,3,17,31.08,'2023-04-26 13:41:04'
1265,2,20,64.76,'2021-05-14 13:41:04'
1266,3,8,76.25,'2021-07-11 13:41:04'
1267,2,14,85.35,'2021-03-22 13:41:04'
1268,1,4,106.27,'2022-06-25 13:41:04'
1269,1,11,52.83,'2022-11-23 13:41:04'
1270,1,19,115.81,'2025-02-03 13:41:04'
1271,2,12,113.34,'2024-12-10 13:41:04'
1272,1,20,113.6,'2023-02-22 13:41:04'
1273,3,4,85.01,'2024-01-19 13:41:04'
1274,1,14,113.34,'2022-08-05 13:41:04'
1275,3,16,26.28,'2022-11-17 13:41:04'
1276,2,17,74.81,'2023-12-19 13:41:04'
1277,2,20,48.24,'2024-05-18 13:41:04'
1278,2,13,60.59,'2023-04-04 13:41:04'
1279,1,19,27.2,'2021-11-30 13:41:04'
1280,3,4,72.59,'2022-07-23 13:41:04'
1281,1,10,114.34,'2021-05-28 13:41:04'
1282,2,18,64.18,'2020-05-18 13:41:04'
1283,1,20,113.31,'2024-12-31 13:41:04'
1284,3,16,113.96,'2022-03-09 13:41:04'
1285,3,11,51.46,'2023-04-20 13:41:04'
1286,2,7,91.83,'2024-09-21 13:41:04'
1287,3,19,107.26,'2022-02-20 13:41:04'
1288,1,2,76.75,'2021-10-12 13:41:04'
1289,1,14,64.52,'2023-07-13 13:41:04'
1290,3,12,101.04,'2023-08-29 13:41:04'
1291,3,1,54.03,'2023-02-04 13:41:04'
1292,3,9,117.78,'2025-01-10 13:41:04'
1293,1,12,77.36,'2020-09-14 13:41:04'
1294,1,12,26.7,'2021-01-04 13:41:04'
1295,3,5,49.74,'2024-03-29 13:41:04'
1296,2,1,68.58,'2024-09-09 13:41:04'
1297,2,11,61.55,'2021-02-18 13:41:04'
1298,2,10,77.57,'2020-07-19 13:41:04'
1299,2,6,24.07,'2021-02-26 13:41:04'
1300,3,11,26.85,'2023-04-09 13:41:04'
1301,3,18,102.28,'2021-07-07 13:41:04'
1302,3,14,44.25,'2025-03-03 13:41:04'
1303,2,17,72.12,'2022-07-23 13:41:04'
1304,1,10,42.15,'2024-01-08 13:41:04'
1305,3,1,108.41,'2024-09-18 13:41:04'
1306,3,7,23.36,'2022-08-01 13:41:04'
1307,2,19,78.98,'2021-04-27 13:41:04'
1308,1,4,116.86,'2022-03-23 13:41:04'
1309,2,3,33.54,'2023-01-23 13:41:04'
1310,3,18,75.91,'2020-11-20 13:41:04'
1311,1,1,56.55,'2020-12-05 13:41:04'
1312,2,19,97.77,'2022-03-13 13:41:04'
1313,2,20,103.03,'2024-06-30 13:41:04'
1314,1,2,33.76,'2021-06-01 13:41:04'
1315,3,4,108.18,'2023-01-21 13:41:04'
1316,1,3,59.03,'2021-10-25 13:41:04'
1317,3,7,59.31,'2025-02-20 13:41:04'
1318,3,6,50.18,'2024-08-27 13:41:04'
1319,1,14,104.61,'2020-07-01 13:41:04'
1320,3,10,86.98,'2024-06-30 13:41:04'
1321,1,12,25.87,'2023-04-05 13:41:04'
1322,3,8,114.7,'2021-08-24 13:41:04'
1323,2,10,32.62,'2024-05-22 13:41:04'
1324,3,5,89.29,'2024-07-07 13:41:04'
1325,1,13,29.38,'2023-07-26 13:41:04'
1326,1,16,94.93,'2022-11-20 13:41:04'
1327,3,19,97.44,'2024-06-25 13:41:04'
1328,3,9,82.51,'2020-05-08 13:41:04'
1329,2,1,22.44,'2022-07-17 13:41:04'
1330,3,12,100.54,'2025-03-06 13:41:04'
1331,3,4,81.74,'2020-06-08 13:41:04'
1332,1,6,47.65,'2022-09-01 13:41:04'
1333,2,20,44.09,'2021-10-18 13:41:04'
1334,3,7,39.16,'2023-11-19 13:41:04'
1335,2,17,36.84,'2024-12-18 13:41:04'
1336,1,6,35.28,'2022-11-22 13:41:04'
1337,2,6,46.53,'2022-08-10 13:41:04'
1338,2,2,79.27,'2021-01-20 13:41:04'
1339,3,19,53.2,'2022-07-18 13:41:04'
1340,2,9,25.01,'2021-09-30 13:41:04'
1341,2,1,34.63,'2024-04-04 13:41:04'
1342,2,20,69.67,'2024-09-12 13:41:04'
1343,3,6,52.67,'2022-10-09 13:41:04'
1344,1,12,80.01,'2022-11-16 13:41:04'
1345,2,3,104.95,'2021-02-02 13:41:04'
1346,2,3,29.42,'2023-01-28 13:41:04'
1347,1,11,32.66,'2024-09-14 13:41:04'
1348,3,17,69.4,'2023-05-03 13:41:04'
1349,3,9,99.9,'2022-12-20 13:41:04'
1350,3,2,113.67,'2021-11-14 13:41:04'
1351,2,2,25.23,'2020-04-17 13:41:04'
1352,3,8,88.93,'2021-08-20 13:41:04'
1353,2,18,102.72,'2023-07-16 13:41:04'
1354,2,1,105.22,'2022-05-07 13:41:04'
1355,2,7,26.43,'2023-02-09 13:41:04'
1356,3,8,55.34,'2021-06-08 13:41:04'
1357,2,11,82.42,'2023-08-16 13:41:04'
1358,1,19,52.13,'2022-12-23 13:41:04'
1359,2,13,64.2,'2021-03-30 13:41:04'
1360,1,18,24.96,'2022-09-15 13:41:04'
1361,2,2,33.61,'2024-02-27 13:41:04'
1362,3,17,89.66,'2020-04-02 13:41:04'
1363,3,6,90.86,'2021-04-16 13:41:04'
1364,1,15,101.06,'2023-02-04 13:41:04'
1365,1,3,95.16,'2022-02-23 13:41:04'
1366,2,6,46.92,'2021-01-27 13:41:04'
1367,3,10,46.96,'2020-09-28 13:41:04'
1368,2,10,31.49,'2022-12-10 13:41:04'
1369,1,6,56.94,'2024-05-12 13:41:04'
1370,1,18,88.52,'2021-12-12 13:41:04'
1371,1,13,84.48,'2024-03-20 13:41:04'
1372,3,12,45.65,'2024-12-12 13:41:04'
1373,3,5,98.13,'2020-06-11 13:41:04'
1374,2,15,117.02,'2024-03-29 13:41:04'
1375,1,16,102.44,'2023-04-27 13:41:04'
1376,2,4,92.37,'2024-05-24 13:41:04'
1377,3,7,50.01,'2024-03-12 13:41:04'
1378,1,14,108.42,'2023-07-08 13:41:04'
1379,2,11,84.63,'2024-05-26 13:41:04'
1380,1,6,109.61,'2021-12-19 13:41:04'
1381,2,14,21.76,'2021-02-10 13:41:04'
1382,2,6,56.14,'2021-01-01 13:41:04'
1383,1,10,85.55,'2021-10-09 13:41:04'
1384,3,3,20.47,'2022-04-09 13:41:04'
1385,3,11,112.28,'2023-06-12 13:41:04'
1386,2,17,31.16,'2020-11-26 13:41:04'
1387,3,14,46.04,'2021-01-28 13:41:04'
1388,1,6,29.77,'2023-04-30 13:41:04'
1389,3,2,76.57,'2022-09-16 13:41:04'
1390,3,6,61.0,'2023-10-27 13:41:04'
1391,3,11,111.35,'2022-11-01 13:41:04'
1392,2,7,81.57,'2024-12-02 13:41:04'
1393,3,8,85.44,'2021-03-09 13:41:04'
1394,1,18,104.37,'2023-07-23 13:41:04'
1395,1,3,105.86,'2022-10-27 13:41:04'
1396,2,3,24.71,'2024-05-28 13:41:04'
1397,1,2,106.02,'2024-10-18 13:41:04'
1398,2,5,47.47,'2023-02-09 13:41:04'
1399,2,15,38.87,'2023-10-24 13:41:04'
1400,2,11,106.61,'2021-06-22 13:41:04'
1401,1,19,24.94,'2022-07-30 13:41:04'
1402,1,3,38.17,'2022-01-02 13:41:04'
1403,2,12,73.88,'2024-08-29 13:41:04'
1404,1,15,20.53,'2020-11-10 13:41:04'
1405,2,18,83.75,'2020-12-21 13:41:04'
1406,2,10,96.63,'2020-09-25 13:41:04'
1407,1,7,116.17,'2022-10-01 13:41:04'
1408,1,1,118.06,'2021-12-08 13:41:04'
1409,1,15,81.66,'2023-06-15 13:41:04'
1410,2,11,81.71,'2024-07-11 13:41:04'
1411,1,19,62.57,'2023-05-12 13:41:04'
1412,3,14,69.04,'2023-03-10 13:41:04'
1413,3,9,97.66,'2022-07-23 13:41:04'
1414,1,11,24.4,'2022-01-17 13:41:04'
1415,3,2,26.29,'2022-04-26 13:41:04'
1416,2,6,80.91,'2020-06-21 13:41:04'
1417,2,4,117.75,'2024-05-14 13:41:04'
1418,1,7,32.54,'2025-02-18 13:41:04'
1419,3,7,21.38,'2023-01-09 13:41:04'
1420,2,9,64.2,'2021-09-22 13:41:04'
1421,2,4,88.83,'2022-12-21 13:41:04'
1422,2,5,89.11,'2024-03-26 13:41:04'
1423,1,18,53.35,'2021-09-24 13:41:04'
1424,1,4,54.42,'2020-08-08 13:41:04'
1425,3,7,70.68,'2024-10-02 13:41:04'
1426,2,6,86.12,'2024-09-30 13:41:04'
1427,3,13,47.14,'2025-01-18 13:41:04'
1428,3,16,35.41,'2024-06-29 13:41:04'
1429,2,6,94.91,'2022-02-14 13:41:04'
1430,3,4,49.14,'2021-02-01 13:41:04'
1431,2,19,31.1,'2020-12-07 13:41:04'
1432,1,9,82.18,'2021-09-06 13:41:04'
1433,1,13,100.59,'2024-05-19 13:41:04'
1434,3,19,22.49,'2024-07-26 13:41:04'
1435,2,20,24.72,'2023-09-21 13:41:04'
1436,2,20,49.23,'2024-10-29 13:41:04'
1437,1,16,39.83,'2023-12-06 13:41:04'
1438,3,17,87.38,'2023-07-04 13:41:04'
1439,2,12,96.21,'2025-01-10 13:41:04'
1440,2,4,42.85,'2022-06-15 13:41:04'
1441,1,19,96.3,'2022-10-09 13:41:04'
1442,3,13,75.47,'2022-10-24 13:41:04'
1443,3,13,61.48,'2025-01-17 13:41:04'
1444,3,7,89.53,'2020-11-18 13:41:04'
1445,1,9,94.65,'2024-07-16 13:41:04'
1446,3,7,87.54,'2022-03-30 13:41:04'
1447,2,11,81.46,'2023-06-26 13:41:04'
1448,2,6,47.7,'2023-01-11 13:41:04'
1449,2,17,96.39,'2020-08-14 13:41:04'
1450,2,15,81.34,'2023-02-24 13:41:04'
1451,1,20,85.89,'2022-08-10 13:41:04'
1452,2,16,116.86,'2025-01-22 13:41:04'
1453,3,16,113.8,'2021-11-20 13:41:04'
1454,3,6,38.3,'2020-06-13 13:41:04'
1455,1,20,70.77,'2021-05-26 13:41:04'
1456,2,7,21.21,'2021-12-28 13:41:04'
1457,2,8,100.58,'2024-12-22 13:41:04'
1458,3,20,61.26,'2022-05-28 13:41:04'
1459,3,12,52.58,'2023-03-19 13:41:04'
1460,1,19,39.71,'2020-06-23 13:41:04'
1461,2,14,61.48,'2020-09-22 13:41:04'
1462,2,19,36.26,'2024-10-04 13:41:04'
1463,1,10,87.51,'2022-12-17 13:41:04'
1464,1,8,102.47,'2021-01-06 13:41:04'
1465,3,13,96.45,'2021-01-19 13:41:04'
1466,2,2,117.41,'2022-12-09 13:41:04'
1467,3,5,51.79,'2023-02-02 13:41:04'
1468,2,19,95.81,'2023-05-25 13:41:04'
1469,1,20,103.29,'2023-10-14 13:41:04'
1470,3,3,52.69,'2023-05-16 13:41:04'
1471,1,6,62.36,'2025-03-10 13:41:04'
1472,1,13,81.62,'2021-02-18 13:41:04'
1473,1,13,26.75,'2022-06-18 13:41:04'
1474,3,10,47.8,'2023-08-14 13:41:04'
1475,2,14,79.55,'2024-02-22 13:41:04'
1476,1,9,116.05,'2023-12-12 13:41:04'
1477,2,18,78.6,'2023-11-09 13:41:04'
1478,1,20,32.37,'2021-01-03 13:41:04'
1479,3,8,106.36,'2022-05-08 13:41:04'
1480,2,1,66.1,'2020-06-13 13:41:04'
1481,2,17,104.65,'2023-07-07 13:41:04'
1482,1,15,65.11,'2022-10-14 13:41:04'
1483,3,18,33.13,'2024-04-25 13:41:04'
1484,2,11,29.02,'2021-05-20 13:41:04'
1485,2,6,63.85,'2023-05-09 13:41:04'
1486,3,14,64.66,'2024-03-07 13:41:04'
1487,3,10,101.04,'2024-06-07 13:41:04'
1488,1,8,20.47,'2022-04-28 13:41:04'
1489,1,12,35.85,'2021-10-19 13:41:04'
1490,1,6,36.42,'2023-09-14 13:41:04'
1491,1,6,28.25,'2023-03-13 13:41:04'
1492,2,7,110.8,'2021-05-21 13:41:04'
1493,3,18,92.27,'2023-12-05 13:41:04'
1494,1,20,116.89,'2020-12-23 13:41:04'
1495,2,3,75.88,'2021-10-22 13:41:04'
1496,3,18,30.88,'2020-05-01 13:41:04'
1497,2,6,33.45,'2022-05-09 13:41:04'
1498,1,16,74.5,'2024-06-03 13:41:04'
1499,1,17,107.17,'2023-07-20 13:41:04'
1500,2,17,34.3,'2022-09-27 13:41:04'
1501,1,11,62.25,'2021-10-02 13:41:04'
1502,3,2,78.74,'2022-02-05 13:41:04'
1503,3,12,33.92,'2023-06-26 13:41:04'
1504,1,19,38.12,'2020-05-25 13:41:04'
1505,1,9,62.68,'2025-03-17 13:41:04'
1506,1,9,94.34,'2023-03-05 13:41:04'
1507,2,9,62.9,'2021-04-05 13:41:04'
1508,2,15,99.49,'2025-03-04 13:41:04'
1509,2,7,72.62,'2021-03-11 13:41:04'
1510,1,6,92.14,'2024-03-16 13:41:04'
1511,1,1,112.27,'2022-10-21 13:41:04'
1512,3,2,40.49,'2025-01-28 13:41:04'
1513,2,11,49.33,'2022-09-25 13:41:04'
1514,1,1,113.23,'2021-07-07 13:41:04'
1515,3,11,98.01,'2023-06-17 13:41:04'
1516,2,7,75.28,'2022-04-05 13:41:04'
1517,2,4,38.5,'2025-01-20 13:41:04'
1518,3,19,108.59,'2023-01-09 13:41:04'
1519,2,9,39.15,'2024-04-28 13:41:04'
1520,2,1,38.49,'2021-04-18 13:41:04'
1521,3,17,63.68,'2020-06-27 13:41:04'
1522,1,19,29.86,'2024-01-16 13:41:04'
1523,3,17,84.27,'2020-09-21 13:41:04'
1524,3,19,116.15,'2024-07-14 13:41:04'
1525,3,17,38.39,'2022-03-07 13:41:04'
1526,2,9,21.61,'2022-06-12 13:41:04'
1527,2,5,22.15,'2020-06-02 13:41:04'
1528,1,8,64.62,'2021-05-26 13:41:04'
1529,2,9,73.0,'2020-12-21 13:41:04'
1530,2,3,60.31,'2022-05-07 13:41:04'
1531,1,13,35.16,'2024-11-11 13:41:04'
1532,3,1,82.33,'2024-12-16 13:41:04'
1533,2,18,90.34,'2021-03-02 13:41:04'
1534,2,11,29.38,'2024-11-29 13:41:04'
1535,3,20,96.45,'2021-06-21 13:41:04'
1536,3,4,90.99,'2023-12-02 13:41:04'
1537,3,20,50.14,'2021-08-12 13:41:04'
1538,2,11,60.92,'2021-10-06 13:41:04'
1539,1,13,90.33,'2025-02-15 13:41:04'
1540,1,5,65.26,'2023-09-12 13:41:04'
1541,2,19,86.98,'2022-02-25 13:41:04'
1542,3,6,57.16,'2024-02-21 13:41:04'
1543,1,14,45.78,'2022-06-06 13:41:04'
1544,1,16,94.48,'2020-09-11 13:41:04'
1545,2,7,90.63,'2023-07-13 13:41:04'
1546,2,9,94.81,'2024-04-19 13:41:04'
1547,2,4,59.5,'2021-04-13 13:41:04'
1548,1,2,53.3,'2024-12-06 13:41:04'
1549,3,12,35.59,'2021-06-09 13:41:04'
1550,3,12,100.13,'2024-12-03 13:41:04'
1551,1,11,34.0,'2022-06-04 13:41:04'
1552,2,4,22.79,'2022-05-08 13:41:04'
1553,3,17,27.5,'2023-04-15 13:41:04'
1554,1,14,67.05,'2023-06-02 13:41:04'
1555,3,14,36.71,'2021-09-22 13:41:04'
1556,2,7,107.7,'2023-09-25 13:41:04'
1557,3,19,64.12,'2021-10-23 13:41:04'
1558,2,1,37.46,'2020-04-16 13:41:04'
1559,1,2,112.58,'2020-10-26 13:41:04'
1560,2,11,56.41,'2024-01-06 13:41:04'
1561,2,16,23.63,'2023-02-11 13:41:04'
1562,2,14,78.08,'2024-07-27 13:41:04'
1563,1,10,103.34,'2022-12-19 13:41:04'
1564,2,15,114.42,'2021-11-30 13:41:04'
1565,2,18,86.07,'2022-04-19 13:41:04'
1566,2,2,68.88,'2023-09-23 13:41:04'
1567,2,18,21.11,'2021-04-05 13:41:04'
1568,2,7,41.45,'2024-06-23 13:41:04'
1569,2,15,26.92,'2022-12-31 13:41:04'
1570,3,17,32.94,'2023-09-27 13:41:04'
1571,1,10,28.1,'2023-04-14 13:41:04'
1572,3,20,96.46,'2023-03-10 13:41:04'
1573,3,7,117.08,'2020-05-13 13:41:04'
1574,2,8,85.04,'2022-11-03 13:41:04'
1575,3,8,25.06,'2023-06-16 13:41:04'
1576,1,14,72.03,'2020-07-27 13:41:04'
1577,1,20,52.01,'2023-03-02 13:41:04'
1578,3,3,47.24,'2025-03-25 13:41:04'
1579,1,5,72.4,'2023-05-24 13:41:04'
1580,1,6,42.83,'2023-06-01 13:41:04'
1581,2,1,60.96,'2023-11-30 13:41:04'
1582,1,7,88.14,'2021-08-04 13:41:04'
1583,2,16,73.01,'2020-06-05 13:41:04'
1584,3,20,81.85,'2023-06-19 13:41:04'
1585,1,17,103.32,'2023-07-29 13:41:04'
1586,3,12,98.16,'2022-01-21 13:41:04'
1587,1,3,75.92,'2022-02-07 13:41:04'
1588,1,15,82.35,'2024-03-28 13:41:04'
1589,1,18,48.1,'2024-09-21 13:41:04'
1590,1,2,108.53,'2020-08-24 13:41:04'
1591,2,11,85.02,'2023-05-26 13:41:04'
1592,1,3,98.93,'2024-03-28 13:41:04'
1593,2,19,98.45,'2023-06-01 13:41:04'
1594,3,3,42.44,'2024-10-03 13:41:04'
1595,3,4,57.59,'2020-10-05 13:41:04'
1596,2,2,79.96,'2025-03-03 13:41:04'
1597,3,20,28.04,'2023-10-22 13:41:04'
1598,1,13,21.94,'2022-01-29 13:41:04'
1599,3,7,103.04,'2020-12-30 13:41:04'
1600,1,1,71.89,'2024-09-24 13:41:04'
1601,1,2,32.47,'2022-01-03 13:41:04'
1602,2,6,101.58,'2021-12-14 13:41:04'
1603,2,6,108.53,'2021-03-17 13:41:04'
1604,1,18,27.93,'2022-03-18 13:41:04'
1605,1,8,28.8,'2023-10-14 13:41:04'
1606,3,3,74.46,'2021-10-16 13:41:04'
1607,3,19,39.73,'2021-02-24 13:41:04'
1608,1,1,92.9,'2021-05-06 13:41:04'
1609,3,4,72.61,'2023-12-08 13:41:04'
1610,3,3,30.99,'2020-06-18 13:41:04'
1611,3,19,35.04,'2023-12-17 13:41:04'
1612,1,1,54.33,'2022-11-18 13:41:04'
1613,2,7,56.59,'2021-12-11 13:41:04'
1614,1,13,49.14,'2022-08-15 13:41:04'
1615,2,8,22.76,'2022-03-22 13:41:04'
1616,1,11,24.91,'2022-08-26 13:41:04'
1617,1,14,87.78,'2024-09-22 13:41:04'
1618,3,11,85.09,'2024-12-05 13:41:04'
1619,1,18,82.45,'2025-02-07 13:41:04'
1620,3,1,117.62,'2022-10-31 13:41:04'
1621,3,10,25.6,'2025-01-03 13:41:04'
1622,1,2,116.74,'2021-09-18 13:41:04'
1623,1,16,45.93,'2023-09-03 13:41:04'
1624,3,10,60.52,'2023-09-21 13:41:04'
1625,1,14,118.91,'2023-07-26 13:41:04'
1626,1,8,44.4,'2020-05-22 13:41:04'
1627,2,1,89.05,'2022-12-24 13:41:04'
1628,3,7,59.32,'2024-05-26 13:41:04'
1629,3,1,93.51,'2024-12-24 13:41:04'
1630,3,18,95.26,'2022-11-24 13:41:04'
1631,2,9,39.07,'2021-02-11 13:41:04'
1632,1,3,92.67,'2021-06-16 13:41:04'
1633,2,20,100.55,'2024-04-11 13:41:04'
1634,2,19,54.42,'2022-08-15 13:41:04'
1635,1,10,94.13,'2021-01-22 13:41:04'
1636,1,15,82.63,'2022-12-23 13:41:04'
1637,2,15,21.29,'2021-11-14 13:41:04'
1638,1,1,95.89,'2023-04-13 13:41:04'
1639,1,10,97.13,'2025-01-14 13:41:04'
1640,1,18,111.33,'2024-06-27 13:41:04'
1641,1,2,69.79,'2020-12-07 13:41:04'
1642,3,5,38.53,'2022-12-30 13:41:04'
1643,3,11,66.59,'2024-07-31 13:41:04'
1644,3,3,117.32,'2021-02-01 13:41:04'
1645,1,11,105.71,'2022-09-11 13:41:04'
1646,3,8,106.53,'2021-03-30 13:41:04'
1647,2,5,27.0,'2023-04-22 13:41:04'
1648,2,2,45.26,'2024-11-19 13:41:04'
1649,1,17,51.25,'2023-11-28 13:41:04'
1650,1,12,82.52,'2021-07-07 13:41:04'
1651,2,12,56.6,'2021-10-30 13:41:04'
1652,3,16,99.04,'2022-08-07 13:41:04'
1653,3,10,94.76,'2024-03-13 13:41:04'
1654,3,8,37.52,'2024-02-25 13:41:04'
1655,3,16,74.87,'2021-07-21 13:41:04'
1656,2,17,91.95,'2022-02-01 13:41:04'
1657,1,7,59.84,'2023-01-14 13:41:04'
1658,2,12,79.51,'2022-08-16 13:41:04'
1659,2,12,26.46,'2024-06-26 13:41:04'
1660,2,12,34.41,'2021-06-29 13:41:04'
1661,3,9,105.07,'2020-08-14 13:41:04'
1662,3,9,105.61,'2022-01-13 13:41:04'
1663,2,4,106.56,'2024-11-10 13:41:04'
1664,1,9,98.27,'2021-02-25 13:41:04'
1665,3,7,39.76,'2022-03-12 13:41:04'
1666,2,20,83.97,'2023-08-25 13:41:04'
1667,3,3,71.21,'2023-08-24 13:41:04'
1668,3,17,101.41,'2024-10-11 13:41:04'
1669,3,13,20.21,'2020-07-02 13:41:04'
1670,1,16,23.76,'2020-04-28 13:41:04'
1671,1,10,88.66,'2025-01-14 13:41:04'
1672,3,17,40.38,'2024-12-21 13:41:04'
1673,3,11,63.63,'2021-08-28 13:41:04'
1674,2,15,56.86,'2021-07-31 13:41:04'
1675,3,1,46.9,'2023-08-16 13:41:04'
1676,2,15,115.27,'2021-06-02 13:41:04'
1677,3,12,116.9,'2022-09-27 13:41:04'
1678,1,18,78.6,'2021-06-23 13:41:04'
1679,2,13,116.0,'2021-02-03 13:41:04'
1680,3,1,94.46,'2021-09-22 13:41:04'
1681,2,4,25.78,'2020-04-01 13:41:04'
1682,1,1,111.83,'2022-08-16 13:41:04'
1683,1,19,89.85,'2020-07-02 13:41:04'
1684,2,12,116.15,'2024-06-23 13:41:04'
1685,1,13,86.77,'2020-03-27 13:41:04'
1686,3,4,38.93,'2021-05-18 13:41:04'
1687,2,19,36.55,'2023-09-15 13:41:04'
1688,2,20,26.31,'2021-03-31 13:41:04'
1689,2,16,105.03,'2024-06-28 13:41:04'
1690,1,10,57.01,'2022-04-20 13:41:04'
1691,2,6,41.76,'2021-11-19 13:41:04'
1692,3,14,110.22,'2023-11-08 13:41:04'
1693,3,11,84.37,'2022-11-02 13:41:04'
1694,1,15,82.43,'2024-10-17 13:41:04'
1695,3,13,43.55,'2024-10-04 13:41:04'
1696,1,19,103.17,'2023-08-25 13:41:04'
1697,3,12,27.2,'2022-10-17 13:41:04'
1698,3,5,64.4,'2022-08-25 13:41:04'
1699,1,7,99.35,'2024-04-15 13:41:04'
1700,3,8,80.14,'2023-05-22 13:41:04'
1701,1,16,80.47,'2022-05-12 13:41:04'
1702,1,3,34.76,'2020-04-03 13:41:04'
1703,1,9,75.21,'2021-04-03 13:41:04'
1704,3,12,32.39,'2020-05-05 13:41:04'
1705,3,14,52.51,'2021-11-13 13:41:04'
1706,3,16,31.85,'2023-04-03 13:41:04'
1707,3,3,59.01,'2021-04-28 13:41:04'
1708,3,19,104.77,'2023-04-26 13:41:04'
1709,1,8,78.94,'2021-10-10 13:41:04'
1710,1,13,104.38,'2023-08-03 13:41:04'
1711,3,12,112.76,'2021-09-11 13:41:04'
1712,2,15,102.27,'2021-03-07 13:41:04'
1713,3,15,68.01,'2023-09-09 13:41:04'
1714,2,4,20.52,'2022-02-10 13:41:04'
1715,3,13,108.27,'2022-09-15 13:41:04'
1716,2,12,53.67,'2023-03-25 13:41:04'
1717,1,9,116.87,'2021-06-24 13:41:04'
1718,3,15,119.13,'2022-12-20 13:41:04'
1719,2,19,115.32,'2024-08-09 13:41:04'
1720,1,5,113.59,'2024-03-01 13:41:04'
1721,3,14,62.55,'2023-04-12 13:41:04'
1722,1,3,59.03,'2023-06-29 13:41:04'
1723,3,10,43.01,'2020-10-01 13:41:04'
1724,1,16,79.94,'2024-07-30 13:41:04'
1725,2,19,73.63,'2021-04-16 13:41:04'
1726,1,14,41.66,'2022-09-25 13:41:04'
1727,3,3,79.04,'2022-02-26 13:41:04'
1728,2,14,88.3,'2023-08-14 13:41:04'
1729,1,16,40.33,'2023-10-14 13:41:04'
1730,3,2,37.4,'2022-04-12 13:41:04'
1731,1,11,85.79,'2023-05-31 13:41:04'
1732,2,20,67.79,'2025-03-21 13:41:04'
1733,2,10,40.51,'2025-03-15 13:41:04'
1734,2,8,117.49,'2023-05-21 13:41:04'
1735,2,18,61.12,'2023-06-10 13:41:04'
1736,3,18,101.54,'2023-05-09 13:41:04'
1737,2,1,114.87,'2025-02-18 13:41:04'
1738,3,11,110.59,'2022-02-06 13:41:04'
1739,2,11,25.96,'2022-11-30 13:41:04'
1740,3,3,33.32,'2021-02-17 13:41:04'
1741,1,1,65.99,'2023-04-22 13:41:04'
1742,1,11,78.76,'2022-02-27 13:41:04'
1743,3,20,48.09,'2022-07-03 13:41:04'
1744,1,18,48.66,'2020-08-10 13:41:04'
1745,2,14,30.26,'2021-10-14 13:41:04'
1746,1,17,21.95,'2020-06-03 13:41:04'
1747,1,2,110.64,'2020-05-07 13:41:04'
1748,2,12,76.08,'2023-09-20 13:41:04'
1749,3,16,37.65,'2025-02-15 13:41:04'
1750,3,9,92.67,'2021-05-06 13:41:04'
1751,3,3,26.22,'2024-05-22 13:41:04'
1752,1,14,80.26,'2020-12-08 13:41:04'
1753,1,6,32.88,'2024-11-21 13:41:04'
1754,3,16,74.81,'2021-04-04 13:41:04'
1755,1,4,46.2,'2021-07-16 13:41:04'
1756,1,6,111.66,'2020-04-18 13:41:04'
1757,1,5,111.12,'2023-03-01 13:41:04'
1758,2,16,33.66,'2025-01-30 13:41:04'
1759,2,3,88.9,'2021-12-05 13:41:04'
1760,1,1,93.48,'2021-08-21 13:41:04'
1761,3,18,51.38,'2021-09-25 13:41:04'
1762,1,3,56.84,'2023-04-17 13:41:04'
1763,2,19,58.91,'2020-07-05 13:41:04'
1764,2,20,104.22,'2022-01-09 13:41:04'
1765,3,11,69.77,'2022-03-08 13:41:04'
1766,3,16,100.64,'2022-07-25 13:41:04'
1767,3,3,107.13,'2021-08-11 13:41:04'
1768,2,9,31.17,'2023-08-11 13:41:04'
1769,2,3,39.1,'2020-12-05 13:41:04'
1770,1,5,107.12,'2021-07-17 13:41:04'
1771,1,14,104.19,'2025-03-21 13:41:04'
1772,2,16,113.02,'2025-02-14 13:41:04'
1773,2,5,68.1,'2023-09-22 13:41:04'
1774,1,2,115.71,'2022-09-06 13:41:04'
1775,3,2,63.79,'2020-06-28 13:41:04'
1776,2,13,41.07,'2020-04-27 13:41:04'
1777,2,13,36.26,'2024-08-01 13:41:04'
1778,2,11,112.41,'2022-02-24 13:41:04'
1779,1,20,91.85,'2024-11-20 13:41:04'
1780,1,11,75.88,'2021-01-14 13:41:04'
1781,3,6,118.85,'2023-02-13 13:41:04'
1782,2,3,112.91,'2022-07-11 13:41:04'
1783,2,8,51.59,'2023-04-12 13:41:04'
1784,3,16,95.86,'2022-03-02 13:41:04'
1785,1,12,24.98,'2023-04-20 13:41:04'
1786,1,14,96.37,'2023-03-01 13:41:04'
1787,1,19,63.7,'2020-05-17 13:41:04'
1788,1,3,57.85,'2021-11-13 13:41:04'
1789,1,19,81.07,'2021-03-19 13:41:04'
1790,2,13,80.04,'2022-11-03 13:41:04'
1791,2,3,55.91,'2022-08-28 13:41:04'
1792,3,9,67.13,'2024-06-27 13:41:04'
1793,2,19,49.92,'2021-04-18 13:41:04'
1794,1,5,21.58,'2024-08-17 13:41:04'
1795,3,10,75.73,'2024-03-19 13:41:04'
1796,1,18,52.34,'2024-07-25 13:41:04'
1797,3,1,73.32,'2023-09-16 13:41:04'
1798,2,18,109.57,'2024-08-01 13:41:04'
1799,1,12,37.33,'2021-01-01 13:41:04'
1800,2,16,48.35,'2020-05-11 13:41:04'
1801,1,3,101.4,'2020-10-19 13:41:04'
1802,1,7,57.11,'2023-06-13 13:41:04'
1803,2,10,75.51,'2022-06-08 13:41:04'
1804,3,19,48.02,'2024-06-25 13:41:04'
1805,2,4,20.54,'2024-03-22 13:41:04'
1806,3,6,74.45,'2022-01-30 13:41:04'
1807,3,6,53.6,'2023-06-07 13:41:04'
1808,1,13,109.6,'2025-01-20 13:41:04'
1809,3,18,80.95,'2021-01-11 13:41:04'
1810,1,14,41.04,'2021-03-16 13:41:04'
1811,3,3,100.55,'2024-05-13 13:41:04'
1812,2,9,82.85,'2024-08-06 13:41:04'
1813,1,15,27.7,'2022-12-15 13:41:04'
1814,3,4,45.52,'2021-12-30 13:41:04'
1815,3,9,27.89,'2024-01-23 13:41:04'
1816,3,9,86.03,'2023-03-22 13:41:04'
1817,1,9,76.29,'2022-12-26 13:41:04'
1818,1,16,71.02,'2024-08-15 13:41:04'
1819,3,7,49.23,'2021-10-31 13:41:04'
1820,2,4,25.24,'2021-04-26 13:41:04'
1821,3,8,57.51,'2021-10-04 13:41:04'
1822,1,1,105.37,'2021-07-20 13:41:04'
1823,3,2,114.0,'2024-07-15 13:41:04'
1824,1,13,30.82,'2022-05-17 13:41:04'
1825,1,16,75.63,'2024-08-26 13:41:04'
1826,1,16,51.92,'2021-12-05 13:41:04'
1827,1,15,82.24,'2021-05-22 13:41:04'
1828,2,12,40.78,'2020-04-28 13:41:04'
1829,3,11,104.93,'2022-03-02 13:41:04'
1830,1,4,70.04,'2023-09-20 13:41:04'
1831,2,17,32.87,'2024-02-07 13:41:04'
1832,1,3,56.17,'2023-01-20 13:41:04'
1833,1,1,90.8,'2020-12-18 13:41:04'
1834,2,15,67.23,'2022-06-20 13:41:04'
1835,2,11,27.85,'2020-07-15 13:41:04'
1836,2,5,75.15,'2024-10-01 13:41:04'
1837,2,12,106.53,'2024-06-30 13:41:04'
1838,2,16,114.51,'2020-03-27 13:41:04'
1839,1,19,31.7,'2022-11-19 13:41:04'
1840,2,7,75.65,'2022-01-18 13:41:04'
1841,1,10,99.89,'2024-10-03 13:41:04'
1842,2,4,55.2,'2022-11-18 13:41:04'
1843,3,9,26.39,'2021-04-12 13:41:04'
1844,1,7,68.64,'2021-10-02 13:41:04'
1845,2,15,57.41,'2021-01-19 13:41:04'
1846,1,6,117.16,'2021-01-27 13:41:04'
1847,1,5,42.07,'2020-06-02 13:41:04'
1848,3,14,68.72,'2020-07-15 13:41:04'
1849,1,5,108.93,'2023-08-17 13:41:04'
1850,3,3,69.56,'2023-03-20 13:41:04'
1851,2,18,33.22,'2020-07-08 13:41:04'
1852,2,8,42.82,'2021-12-10 13:41:04'
1853,1,8,97.22,'2020-10-14 13:41:04'
1854,2,2,45.29,'2021-09-28 13:41:04'
1855,3,3,31.26,'2024-08-04 13:41:04'
1856,1,13,107.38,'2021-12-02 13:41:04'
1857,1,20,67.75,'2020-09-27 13:41:04'
1858,2,3,22.1,'2023-01-08 13:41:04'
1859,2,5,28.34,'2020-09-23 13:41:04'
1860,2,2,72.21,'2024-10-15 13:41:04'
1861,3,2,78.83,'2022-09-30 13:41:04'
1862,2,13,68.6,'2025-02-11 13:41:04'
1863,1,4,55.36,'2022-10-24 13:41:04'
1864,1,20,26.74,'2023-03-14 13:41:04'
1865,2,20,23.87,'2021-08-30 13:41:04'
1866,2,16,101.54,'2020-06-01 13:41:04'
1867,1,10,84.34,'2020-12-12 13:41:04'
1868,3,17,30.11,'2022-02-09 13:41:04'
1869,1,14,34.53,'2023-11-25 13:41:04'
1870,2,6,73.38,'2022-10-07 13:41:04'
1871,3,18,80.85,'2022-04-17 13:41:04'
1872,2,9,46.19,'2022-11-20 13:41:04'
1873,2,17,64.14,'2022-07-01 13:41:04'
1874,3,8,93.71,'2021-10-05 13:41:04'
1875,2,4,42.0,'2024-05-20 13:41:04'
1876,2,1,31.36,'2024-08-25 13:41:04'
1877,1,7,118.88,'2020-12-11 13:41:04'
1878,3,5,99.32,'2024-04-04 13:41:04'
1879,2,20,111.33,'2020-06-26 13:41:04'
1880,1,19,24.02,'2021-03-21 13:41:04'
1881,2,15,25.44,'2021-06-05 13:41:04'
1882,2,5,53.4,'2023-08-20 13:41:04'
1883,3,10,73.08,'2023-12-17 13:41:04'
1884,1,13,115.51,'2021-08-23 13:41:04'
1885,1,13,74.11,'2024-09-21 13:41:04'
1886,2,7,88.17,'2020-09-04 13:41:04'
1887,1,8,93.09,'2020-10-14 13:41:04'
1888,1,9,32.0,'2024-06-21 13:41:04'
1889,2,17,76.54,'2022-12-15 13:41:04'
1890,3,2,45.53,'2021-05-10 13:41:04'
1891,3,3,63.9,'2022-03-28 13:41:04'
1892,2,13,92.75,'2023-02-02 13:41:04'
1893,3,6,88.36,'2020-12-27 13:41:04'
1894,1,16,22.77,'2025-02-14 13:41:04'
1895,2,9,115.52,'2023-12-01 13:41:04'
1896,1,16,91.78,'2023-11-25 13:41:04'
1897,3,2,116.54,'2024-03-06 13:41:04'
1898,2,2,55.52,'2024-11-13 13:41:04'
1899,1,19,81.95,'2025-03-10 13:41:04'
1900,1,11,78.68,'2020-08-31 13:41:04'
1901,3,14,25.43,'2022-08-23 13:41:04'
1902,1,3,21.26,'2024-01-14 13:41:04'
1903,1,8,83.31,'2021-07-02 13:41:04'
1904,2,7,24.62,'2023-03-28 13:41:04'
1905,2,3,86.47,'2023-12-15 13:41:04'
1906,2,7,35.03,'2024-08-12 13:41:04'
1907,1,3,26.6,'2022-06-29 13:41:04'
1908,3,7,31.77,'2023-11-23 13:41:04'
1909,2,20,67.93,'2022-09-03 13:41:04'
1910,3,3,99.14,'2021-01-14 13:41:04'
1911,1,17,46.89,'2022-09-15 13:41:04'
1912,2,10,33.08,'2022-06-23 13:41:04'
1913,2,1,55.18,'2023-10-31 13:41:04'
1914,1,12,48.73,'2023-07-22 13:41:04'
1915,3,13,75.06,'2020-05-30 13:41:04'
1916,2,10,104.61,'2024-07-11 13:41:04'
1917,1,1,104.13,'2021-09-23 13:41:04'
1918,3,17,80.34,'2021-09-03 13:41:04'
1919,1,4,86.38,'2022-12-16 13:41:04'
1920,2,16,54.89,'2020-10-02 13:41:04'
1921,2,5,86.43,'2022-11-15 13:41:04'
1922,2,10,37.42,'2024-06-16 13:41:04'
1923,1,7,94.99,'2020-09-14 13:41:04'
1924,2,19,75.93,'2024-09-12 13:41:04'
1925,2,17,59.21,'2022-04-04 13:41:04'
1926,2,6,29.02,'2022-02-05 13:41:04'
1927,1,15,101.41,'2020-08-18 13:41:04'
1928,3,3,49.93,'2023-10-20 13:41:04'
1929,2,7,24.13,'2020-09-27 13:41:04'
1930,1,13,99.33,'2025-03-02 13:41:04'
1931,2,13,30.66,'2020-10-23 13:41:04'
1932,1,11,74.36,'2024-06-23 13:41:04'
1933,2,7,43.83,'2022-03-06 13:41:04'
1934,2,11,104.57,'2020-04-03 13:41:04'
1935,1,12,68.35,'2021-04-12 13:41:04'
1936,3,8,117.32,'2024-08-16 13:41:04'
1937,1,15,93.68,'2021-11-26 13:41:04'
1938,2,8,82.49,'2023-09-25 13:41:04'
1939,3,20,47.7,'2023-12-29 13:41:04'
1940,2,5,119.83,'2022-02-11 13:41:04'
1941,2,8,74.41,'2023-10-09 13:41:04'
1942,2,2,71.14,'2024-06-02 13:41:04'
1943,2,6,59.42,'2024-06-04 13:41:04'
1944,3,13,78.82,'2021-09-12 13:41:04'
1945,2,16,52.19,'2024-04-30 13:41:04'
1946,2,16,85.38,'2024-05-14 13:41:04'
1947,1,8,113.37,'2023-01-07 13:41:04'
1948,1,15,42.62,'2021-09-28 13:41:04'
1949,1,14,73.21,'2024-04-24 13:41:04'
1950,1,1,39.17,'2022-02-08 13:41:04'
1951,3,19,108.92,'2023-12-06 13:41:04'
1952,3,5,97.51,'2024-09-04 13:41:04'
1953,2,14,106.45,'2024-06-28 13:41:04'
1954,1,18,83.62,'2024-12-11 13:41:04'
1955,2,13,40.99,'2022-07-21 13:41:04'
1956,3,8,97.61,'2021-12-31 13:41:04'
1957,3,4,74.83,'2022-09-06 13:41:04'
1958,1,1,23.86,'2024-03-22 13:41:04'
1959,2,7,104.91,'2020-12-01 13:41:04'
1960,1,19,38.4,'2025-03-08 13:41:04'
1961,1,8,64.62,'2022-03-08 13:41:04'
1962,2,6,31.88,'2021-03-24 13:41:04'
1963,2,3,46.13,'2022-10-17 13:41:04'
1964,3,19,35.05,'2024-07-24 13:41:04'
1965,1,11,83.04,'2024-05-15 13:41:04'
1966,3,7,89.37,'2021-06-28 13:41:04'
1967,2,7,100.3,'2023-02-28 13:41:04'
1968,3,16,60.47,'2023-06-08 13:41:04'
1969,1,4,33.86,'2025-01-12 13:41:04'
1970,2,3,24.06,'2021-08-23 13:41:04'
1971,3,1,62.44,'2022-12-04 13:41:04'
1972,1,10,65.82,'2023-05-02 13:41:04'
1973,1,5,104.44,'2022-07-24 13:41:04'
1974,3,13,86.86,'2020-04-26 13:41:04'
1975,1,17,103.98,'2022-04-22 13:41:04'
1976,2,9,104.75,'2024-10-27 13:41:04'
1977,1,17,59.15,'2022-09-16 13:41:04'
1978,2,10,90.79,'2020-11-12 13:41:04'
1979,1,16,38.02,'2020-06-09 13:41:04'
1980,2,5,78.21,'2020-08-30 13:41:04'
1981,1,20,88.91,'2021-03-26 13:41:04'
1982,3,5,81.13,'2022-02-18 13:41:04'
1983,2,11,39.7,'2024-10-16 13:41:04'
1984,3,7,69.85,'2023-12-17 13:41:04'
1985,2,9,58.61,'2020-05-29 13:41:04'
1986,2,11,106.54,'2023-09-01 13:41:04'
1987,3,17,107.19,'2022-10-23 13:41:04'
1988,2,15,76.92,'2020-09-15 13:41:04'
1989,1,2,42.5,'2020-10-24 13:41:04'
1990,1,13,92.04,'2022-10-03 13:41:04'
1991,2,5,82.45,'2023-10-03 13:41:04'
1992,2,14,107.2,'2022-09-24 13:41:04'
1993,1,10,85.52,'2021-01-05 13:41:04'
1994,2,17,21.24,'2021-03-04 13:41:04'
1995,2,16,87.78,'2021-09-05 13:41:04'
1996,3,16,33.6,'2022-05-15 13:41:04'
1997,2,11,57.03,'2023-08-03 13:41:04'
1998,2,15,30.53,'2023-03-07 13:41:04'
1999,3,12,99.4,'2020-11-11 13:41:04'
2000,1,2,78.19,'2023-03-14 13:41:04'
2001,2,15,25.73,'2020-12-23 13:41:04'
2002,1,5,70.54,'2023-11-16 13:41:04'
2003,1,8,67.34,'2023-12-17 13:41:04'
2004,2,16,70.23,'2021-06-11 13:41:04'
2005,2,9,83.4,'2024-12-11 13:41:04'
2006,1,6,85.97,'2021-07-11 13:41:04'
2007,1,19,51.07,'2020-04-27 13:41:04'
2008,3,7,79.41,'2022-01-07 13:41:04'
2009,3,14,64.11,'2022-11-10 13:41:04'
2010,1,3,97.92,'2024-12-30 13:41:04'
2011,1,6,71.35,'2020-10-20 13:41:04'
2012,1,9,96.41,'2023-11-22 13:41:04'
2013,1,2,92.22,'2020-09-05 13:41:04'
2014,3,9,49.26,'2023-08-30 13:41:04'
2015,3,1,91.56,'2023-06-02 13:41:04'
2016,3,17,116.49,'2021-01-22 13:41:04'
2017,1,4,117.89,'2023-02-14 13:41:04'
2018,2,11,66.98,'2022-09-17 13:41:04'
2019,3,14,43.85,'2021-10-08 13:41:04'
2020,2,12,25.32,'2020-10-03 13:41:04'
2021,3,19,39.07,'2025-01-04 13:41:04'
2022,3,12,102.28,'2023-10-07 13:41:04'
2023,1,4,113.33,'2024-12-04 13:41:04'
2024,3,13,63.31,'2023-01-23 13:41:04'
2025,2,19,26.89,'2022-08-03 13:41:04'
2026,3,2,95.14,'2025-01-06 13:41:04'
2027,2,14,78.44,'2021-07-14 13:41:04'
2028,1,6,54.81,'2024-01-09 13:41:04'
2029,2,2,91.2,'2024-08-02 13:41:04'
2030,3,17,91.06,'2022-10-16 13:41:04'
2031,1,19,75.87,'2024-10-03 13:41:04'
2032,2,8,52.26,'2023-04-04 13:41:04'
2033,1,1,86.12,'2024-06-22 13:41:04'
2034,2,11,110.73,'2024-03-24 13:41:04'
2035,2,9,112.48,'2020-10-31 13:41:04'
2036,2,19,43.21,'2023-10-08 13:41:04'
2037,2,13,81.46,'2022-10-25 13:41:04'
2038,3,10,89.08,'2024-07-16 13:41:04'
2039,2,17,95.97,'2020-11-04 13:41:04'
2040,1,17,111.35,'2024-08-13 13:41:04'
2041,3,8,75.44,'2020-12-14 13:41:04'
2042,1,11,60.63,'2024-10-15 13:41:04'
2043,1,15,51.87,'2020-11-12 13:41:04'
2044,3,9,55.1,'2024-03-06 13:41:04'
2045,1,4,85.05,'2021-12-06 13:41:04'
2046,2,12,32.85,'2024-07-18 13:41:04'
2047,1,2,101.15,'2025-01-29 13:41:04'
2048,3,14,46.82,'2024-11-20 13:41:04'
2049,3,5,43.1,'2023-02-19 13:41:04'
2050,2,1,23.09,'2022-08-05 13:41:04'
2051,2,2,38.08,'2024-05-20 13:41:04'
2052,1,4,96.0,'2023-05-02 13:41:04'
2053,2,15,59.83,'2020-12-18 13:41:04'
2054,3,11,20.29,'2021-02-18 13:41:04'
2055,2,7,113.57,'2021-02-15 13:41:04'
2056,3,10,86.68,'2022-09-20 13:41:04'
2057,1,7,76.19,'2022-02-15 13:41:04'
2058,1,15,65.42,'2021-10-31 13:41:04'
2059,1,16,97.08,'2021-04-30 13:41:04'
2060,2,3,65.81,'2020-08-29 13:41:04'
2061,3,7,97.63,'2023-04-24 13:41:04'
2062,3,3,61.5,'2020-05-17 13:41:04'
2063,1,2,60.3,'2024-10-17 13:41:04'
2064,1,20,97.91,'2020-09-04 13:41:04'
2065,2,7,118.62,'2020-12-20 13:41:04'
2066,1,7,57.9,'2022-08-31 13:41:04'
2067,1,8,115.68,'2021-07-26 13:41:04'
2068,3,7,117.88,'2024-09-15 13:41:04'
2069,1,18,56.0,'2023-05-25 13:41:04'
2070,1,18,58.17,'2022-09-29 13:41:04'
2071,3,6,117.65,'2020-07-03 13:41:04'
2072,3,7,118.25,'2024-03-27 13:41:04'
2073,2,6,74.0,'2024-04-08 13:41:04'
2074,1,5,72.42,'2022-11-09 13:41:04'
2075,1,4,96.9,'2022-06-29 13:41:04'
2076,3,8,85.5,'2023-08-26 13:41:04'
2077,1,20,25.17,'2024-06-16 13:41:04'
2078,2,16,53.42,'2021-12-03 13:41:04'
2079,3,16,89.49,'2024-11-02 13:41:04'
2080,3,19,36.37,'2024-06-04 13:41:04'
2081,2,1,72.84,'2020-10-21 13:41:04'
2082,3,12,73.37,'2023-04-06 13:41:04'
2083,1,1,54.29,'2020-09-09 13:41:04'
2084,1,17,37.59,'2021-11-05 13:41:04'
2085,3,19,36.06,'2023-04-01 13:41:04'
2086,3,7,22.24,'2022-03-06 13:41:04'
2087,1,5,107.99,'2021-02-20 13:41:04'
2088,1,14,117.76,'2021-06-29 13:41:04'
2089,1,10,33.09,'2021-07-12 13:41:04'
2090,3,20,83.11,'2024-04-08 13:41:04'
2091,3,7,92.88,'2025-03-06 13:41:04'
2092,1,1,59.54,'2020-12-12 13:41:04'
2093,2,12,76.22,'2022-08-15 13:41:04'
2094,2,1,71.42,'2024-10-25 13:41:04'
2095,2,17,27.12,'2021-04-06 13:41:04'
2096,3,17,102.07,'2022-07-10 13:41:04'
2097,3,19,77.77,'2021-08-31 13:41:04'
2098,1,12,62.26,'2024-05-09 13:41:04'
2099,1,19,27.33,'2025-01-03 13:41:04'
2100,3,19,23.4,'2020-03-28 13:41:04'
2101,1,18,67.18,'2024-07-19 13:41:04'
2102,3,8,108.37,'2021-03-21 13:41:04'
2103,2,16,82.09,'2020-12-06 13:41:04'
2104,2,7,23.71,'2023-05-19 13:41:04'
2105,3,5,67.9,'2022-01-16 13:41:04'
2106,2,19,117.3,'2023-07-30 13:41:04'
2107,1,13,20.36,'2025-02-04 13:41:04'
2108,3,19,77.62,'2023-12-17 13:41:04'
2109,2,18,70.95,'2024-02-19 13:41:04'
2110,2,12,114.78,'2022-12-05 13:41:04'
2111,2,3,71.24,'2020-12-13 13:41:04'
2112,3,10,68.7,'2024-10-09 13:41:04'
2113,1,20,81.14,'2023-10-20 13:41:04'
2114,1,20,96.47,'2022-03-03 13:41:04'
2115,2,19,88.73,'2024-05-17 13:41:04'
2116,2,10,48.4,'2024-09-19 13:41:04'
2117,3,16,109.78,'2022-12-22 13:41:04'
2118,1,6,30.57,'2022-06-07 13:41:04'
2119,2,19,51.74,'2024-09-27 13:41:04'
2120,1,20,29.69,'2020-04-21 13:41:04'
2121,3,14,61.37,'2024-11-21 13:41:04'
2122,1,4,115.47,'2020-09-10 13:41:04'
2123,1,4,104.63,'2021-09-01 13:41:04'
2124,1,16,94.38,'2023-06-05 13:41:04'
2125,2,12,27.66,'2021-09-21 13:41:04'
2126,3,16,54.47,'2025-01-26 13:41:04'
2127,3,1,106.1,'2020-04-10 13:41:04'
2128,2,12,25.67,'2020-06-18 13:41:04'
2129,1,12,28.56,'2020-11-30 13:41:04'
2130,3,3,108.46,'2021-08-26 13:41:04'
2131,2,3,52.54,'2023-03-27 13:41:04'
2132,3,10,30.12,'2020-03-28 13:41:04'
2133,3,10,53.56,'2024-10-03 13:41:04'
2134,2,7,34.61,'2024-11-28 13:41:04'
2135,2,14,71.96,'2022-04-24 13:41:04'
2136,1,20,93.63,'2023-09-22 13:41:04'
2137,3,16,29.4,'2021-10-24 13:41:04'
2138,3,14,56.15,'2024-12-23 13:41:04'
2139,3,10,30.19,'2022-07-29 13:41:04'
2140,1,11,62.53,'2024-11-02 13:41:04'
2141,1,14,24.74,'2025-03-05 13:41:04'
2142,3,7,27.52,'2020-09-01 13:41:04'
2143,2,3,70.08,'2020-12-02 13:41:04'
2144,3,2,27.39,'2024-06-03 13:41:04'
2145,2,7,20.12,'2021-07-09 13:41:04'
2146,2,13,81.3,'2024-01-06 13:41:04'
2147,3,19,102.9,'2023-07-25 13:41:04'
2148,3,6,24.06,'2021-03-11 13:41:04'
2149,3,10,100.83,'2021-12-01 13:41:04'
2150,2,19,79.31,'2021-09-11 13:41:04'
2151,2,6,56.49,'2020-05-04 13:41:04'
2152,3,18,90.98,'2024-05-09 13:41:04'
2153,1,4,20.02,'2022-05-09 13:41:04'
2154,3,10,107.73,'2021-04-22 13:41:04'
2155,3,3,34.65,'2023-07-25 13:41:04'
2156,1,14,104.68,'2022-10-20 13:41:04'
2157,3,16,79.41,'2023-04-09 13:41:04'
2158,2,17,110.17,'2023-10-11 13:41:04'
2159,1,19,27.04,'2020-07-04 13:41:04'
2160,3,11,53.41,'2022-12-17 13:41:04'
2161,2,5,23.29,'2024-02-26 13:41:04'
2162,2,17,34.86,'2022-05-18 13:41:04'
2163,1,13,48.54,'2022-10-04 13:41:04'
2164,1,18,49.55,'2021-06-15 13:41:04'
2165,3,3,35.76,'2020-04-15 13:41:04'
2166,3,17,88.24,'2021-08-19 13:41:04'
2167,2,14,24.92,'2023-01-19 13:41:04'
2168,3,6,69.06,'2021-10-21 13:41:04'
2169,3,18,38.47,'2021-08-20 13:41:04'
2170,3,8,42.65,'2023-12-24 13:41:04'
2171,3,12,98.47,'2023-12-05 13:41:04'
2172,1,3,76.96,'2023-07-11 13:41:04'
2173,1,16,47.77,'2021-01-03 13:41:04'
2174,3,12,72.61,'2021-05-07 13:41:04'
2175,2,12,57.62,'2020-05-12 13:41:04'
2176,3,16,41.59,'2023-03-02 13:41:04'
2177,1,6,82.61,'2022-02-21 13:41:04'
2178,2,10,69.13,'2024-08-23 13:41:04'
2179,2,8,73.07,'2020-11-06 13:41:04'
2180,3,4,70.5,'2024-08-02 13:41:04'
2181,1,20,22.38,'2022-04-07 13:41:04'
2182,3,13,44.21,'2023-05-27 13:41:04'
2183,3,18,57.38,'2020-04-10 13:41:04'
2184,2,8,41.2,'2020-10-25 13:41:04'
2185,2,4,98.92,'2021-08-04 13:41:04'
2186,2,14,52.76,'2023-10-13 13:41:04'
2187,2,19,90.41,'2020-12-20 13:41:04'
2188,3,18,51.91,'2021-10-07 13:41:04'
2189,2,7,54.59,'2025-01-12 13:41:04'
2190,2,1,50.11,'2021-10-31 13:41:04'
2191,2,7,25.2,'2020-09-15 13:41:04'
2192,3,14,101.17,'2022-01-08 13:41:04'
2193,2,4,99.9,'2024-06-27 13:41:04'
2194,1,2,38.06,'2022-02-20 13:41:04'
2195,2,5,75.43,'2021-11-04 13:41:04'
2196,2,10,80.44,'2021-03-14 13:41:04'
2197,2,4,96.93,'2024-06-17 13:41:04'
2198,2,11,94.64,'2021-10-06 13:41:04'
2199,3,6,33.1,'2024-07-26 13:41:04'
2200,3,17,110.57,'2023-12-07 13:41:04'
2201,1,4,105.64,'2020-09-06 13:41:04'
2202,1,14,98.45,'2024-01-28 13:41:04'
2203,3,2,48.28,'2023-08-25 13:41:04'
2204,3,6,47.6,'2021-10-05 13:41:04'
2205,2,15,83.24,'2022-01-18 13:41:04'
2206,3,5,46.0,'2025-01-19 13:41:04'
2207,3,4,40.51,'2020-05-13 13:41:04'
2208,3,5,98.48,'2023-11-02 13:41:04'
2209,3,7,67.15,'2023-10-31 13:41:04'
2210,1,13,31.94,'2021-05-26 13:41:04'
2211,3,10,97.72,'2023-04-05 13:41:04'
2212,3,9,36.75,'2021-01-23 13:41:04'
2213,1,12,58.85,'2021-05-21 13:41:04'
2214,2,16,112.49,'2022-11-21 13:41:04'
2215,2,10,88.96,'2024-09-26 13:41:04'
2216,2,4,74.84,'2021-08-25 13:41:04'
2217,2,7,92.74,'2020-04-17 13:41:04'
2218,3,8,77.69,'2023-02-20 13:41:04'
2219,1,18,117.96,'2022-08-18 13:41:04'
2220,3,3,21.35,'2021-09-06 13:41:04'
2221,1,18,81.81,'2021-09-29 13:41:04'
2222,2,10,39.91,'2022-02-25 13:41:04'
2223,1,9,96.77,'2021-12-09 13:41:04'
2224,1,9,93.54,'2023-06-10 13:41:04'
2225,3,2,97.34,'2022-02-15 13:41:04'
2226,2,13,35.88,'2022-07-08 13:41:04'
2227,3,4,106.34,'2022-05-12 13:41:04'
2228,1,9,111.56,'2021-05-07 13:41:04'
2229,3,20,75.59,'2021-10-27 13:41:04'
2230,1,20,59.69,'2023-09-28 13:41:04'
2231,2,12,64.9,'2024-08-18 13:41:04'
2232,2,1,55.16,'2021-06-26 13:41:04'
2233,1,20,101.09,'2021-01-05 13:41:04'
2234,3,12,112.55,'2023-02-23 13:41:04'
2235,3,2,39.48,'2023-11-03 13:41:04'
2236,2,9,107.61,'2024-01-03 13:41:04'
2237,3,20,50.15,'2022-05-13 13:41:04'
2238,2,15,41.32,'2021-05-02 13:41:04'
2239,1,18,107.49,'2024-04-30 13:41:04'
2240,1,14,53.28,'2023-09-23 13:41:04'
2241,1,15,88.54,'2024-05-18 13:41:04'
2242,1,10,52.83,'2020-09-25 13:41:04'
2243,1,13,21.39,'2023-04-25 13:41:04'
2244,3,2,109.67,'2021-02-01 13:41:04'
2245,1,9,47.29,'2021-07-13 13:41:04'
2246,1,11,25.58,'2021-04-04 13:41:04'
2247,1,18,106.53,'2022-01-24 13:41:04'
2248,3,3,111.38,'2023-03-07 13:41:04'
2249,2,20,113.35,'2022-05-30 13:41:04'
2250,2,7,72.0,'2024-04-15 13:41:04'
2251,3,2,89.74,'2022-12-06 13:41:04'
2252,3,1,83.31,'2023-11-20 13:41:04'
2253,3,13,46.15,'2022-12-10 13:41:04'
2254,2,9,46.97,'2024-09-29 13:41:04'
2255,3,4,113.47,'2021-11-07 13:41:04'
2256,3,9,85.74,'2023-06-27 13:41:04'
2257,1,4,54.22,'2020-05-09 13:41:04'
2258,2,11,92.4,'2021-11-30 13:41:04'
2259,1,3,80.37,'2022-09-16 13:41:04'
2260,1,7,83.9,'2021-08-31 13:41:04'
2261,3,6,97.87,'2023-05-10 13:41:04'
2262,3,4,23.47,'2023-07-14 13:41:04'
2263,3,1,89.12,'2021-04-30 13:41:04'
2264,2,1,35.05,'2023-09-29 13:41:04'
2265,1,11,41.07,'2023-08-22 13:41:04'
2266,2,2,43.61,'2022-09-16 13:41:04'
2267,1,8,90.49,'2020-08-30 13:41:04'
2268,3,1,33.18,'2020-11-28 13:41:04'
2269,2,18,111.25,'2024-10-18 13:41:04'
2270,2,4,51.64,'2024-01-04 13:41:04'
2271,2,2,53.12,'2020-08-26 13:41:04'
2272,3,19,45.63,'2023-06-09 13:41:04'
2273,1,13,51.1,'2021-09-17 13:41:04'
2274,2,12,71.55,'2021-01-25 13:41:04'
2275,1,8,96.79,'2020-08-26 13:41:04'
2276,2,13,39.76,'2023-09-08 13:41:04'
2277,3,19,55.43,'2023-02-02 13:41:04'
2278,2,8,49.96,'2020-11-06 13:41:04'
2279,1,2,85.31,'2023-11-25 13:41:04'
2280,2,1,85.15,'2021-01-24 13:41:04'
2281,3,13,105.42,'2024-11-08 13:41:04'
2282,1,1,34.1,'2024-08-26 13:41:04'
2283,2,2,55.45,'2023-01-22 13:41:04'
2284,2,15,38.53,'2022-06-17 13:41:04'
2285,1,12,53.5,'2022-07-27 13:41:04'
2286,1,19,58.97,'2024-04-21 13:41:04'
2287,3,7,44.03,'2023-05-24 13:41:04'
2288,1,9,64.45,'2022-09-23 13:41:04'
2289,2,1,70.0,'2023-07-22 13:41:04'
2290,2,11,106.7,'2021-08-08 13:41:04'
2291,2,2,89.67,'2023-08-24 13:41:04'
2292,3,3,55.96,'2022-05-18 13:41:04'
2293,2,7,83.46,'2022-05-30 13:41:04'
2294,3,18,59.0,'2023-08-14 13:41:04'
2295,1,11,106.19,'2021-04-07 13:41:04'
2296,3,12,40.16,'2021-06-27 13:41:04'
2297,2,5,28.64,'2021-01-20 13:41:04'
2298,3,11,108.21,'2022-11-06 13:41:04'
2299,3,18,29.53,'2022-01-29 13:41:04'
2300,3,3,71.42,'2021-01-22 13:41:04'
2301,3,9,58.02,'2021-10-16 13:41:04'
2302,2,4,101.36,'2024-10-02 13:41:04'
2303,3,19,22.48,'2022-11-17 13:41:04'
2304,2,18,88.67,'2021-12-14 13:41:04'
2305,2,15,88.32,'2025-02-19 13:41:04'
2306,1,14,47.02,'2020-07-24 13:41:04'
2307,1,7,37.08,'2023-02-13 13:41:04'
2308,2,15,52.71,'2021-03-22 13:41:04'
2309,1,14,29.45,'2020-12-21 13:41:04'
2310,1,14,67.17,'2025-01-27 13:41:04'
2311,3,5,47.99,'2024-05-20 13:41:04'
2312,1,2,49.2,'2023-12-09 13:41:04'
2313,1,13,21.95,'2022-02-10 13:41:04'
2314,2,5,31.8,'2021-12-22 13:41:04'
2315,2,13,20.36,'2021-10-09 13:41:04'
2316,1,20,73.76,'2025-01-03 13:41:04'
2317,3,17,101.1,'2020-10-21 13:41:04'
2318,2,17,64.93,'2023-10-23 13:41:04'
2319,3,9,89.23,'2020-11-09 13:41:04'
2320,3,15,100.53,'2022-03-11 13:41:04'
2321,2,19,106.89,'2024-09-18 13:41:04'
2322,1,19,69.98,'2021-01-31 13:41:04'
2323,2,1,66.77,'2023-01-23 13:41:04'
2324,1,7,41.31,'2021-08-13 13:41:04'
2325,2,7,26.2,'2020-04-10 13:41:04'
2326,3,6,79.57,'2021-02-10 13:41:04'
2327,3,14,51.53,'2023-11-18 13:41:04'
2328,2,3,54.1,'2021-06-18 13:41:04'
2329,1,6,43.49,'2025-01-04 13:41:04'
2330,2,19,72.29,'2023-07-26 13:41:04'
2331,3,14,54.66,'2023-05-30 13:41:04'
2332,3,9,103.65,'2023-10-13 13:41:04'
2333,1,12,59.71,'2023-01-24 13:41:04'
2334,3,8,106.52,'2023-06-17 13:41:04'
2335,2,16,71.71,'2021-12-22 13:41:04'
2336,3,6,20.08,'2021-04-25 13:41:04'
2337,2,8,43.85,'2020-06-21 13:41:04'
2338,1,9,28.23,'2020-06-01 13:41:04'
2339,1,7,49.0,'2021-01-06 13:41:04'
2340,1,20,92.77,'2021-12-20 13:41:04'
2341,2,7,118.78,'2020-07-04 13:41:04'
2342,1,15,65.98,'2023-12-10 13:41:04'
2343,1,9,107.45,'2022-05-29 13:41:04'
2344,2,9,61.82,'2020-08-12 13:41:04'
2345,2,18,78.95,'2024-06-28 13:41:04'
2346,3,14,61.1,'2024-05-04 13:41:04'
2347,3,18,110.61,'2022-04-19 13:41:04'
2348,1,5,30.78,'2022-06-15 13:41:04'
2349,2,19,78.64,'2020-05-03 13:41:04'
2350,2,9,86.08,'2024-12-27 13:41:04'
2351,1,4,35.37,'2020-08-15 13:41:04'
2352,3,13,65.37,'2022-07-06 13:41:04'
2353,3,12,52.87,'2024-12-12 13:41:04'
2354,1,7,95.61,'2021-08-07 13:41:04'
2355,3,6,34.79,'2021-10-17 13:41:04'
2356,2,16,108.41,'2024-10-24 13:41:04'
2357,3,14,89.13,'2024-04-14 13:41:04'
2358,3,18,70.64,'2023-07-13 13:41:04'
2359,2,8,54.64,'2023-07-20 13:41:04'
2360,3,15,23.31,'2021-04-26 13:41:04'
2361,3,19,106.6,'2021-04-17 13:41:04'
2362,1,4,79.47,'2021-06-08 13:41:04'
2363,1,14,110.87,'2020-03-31 13:41:04'
2364,1,5,101.51,'2021-05-22 13:41:04'
2365,2,11,70.71,'2025-03-08 13:41:04'
2366,3,2,53.7,'2023-08-05 13:41:04'
2367,3,3,61.58,'2020-12-29 13:41:04'
2368,1,11,104.34,'2024-07-04 13:41:04'
2369,2,20,40.11,'2023-02-22 13:41:04'
2370,2,12,38.62,'2024-05-03 13:41:04'
2371,3,13,113.98,'2021-06-26 13:41:04'
2372,1,14,24.28,'2022-09-08 13:41:04'
2373,3,9,104.09,'2025-01-10 13:41:04'
2374,1,12,68.79,'2023-03-18 13:41:04'
2375,3,6,49.55,'2024-02-06 13:41:04'
2376,2,9,51.61,'2022-01-06 13:41:04'
2377,1,11,74.79,'2023-05-21 13:41:04'
2378,1,19,92.46,'2021-11-30 13:41:04'
2379,3,4,96.68,'2020-04-02 13:41:04'
2380,3,16,112.1,'2020-07-28 13:41:04'
2381,2,18,31.62,'2020-06-19 13:41:04'
2382,3,14,69.1,'2025-03-20 13:41:04'
2383,3,19,102.47,'2022-06-28 13:41:04'
2384,2,19,93.68,'2022-04-26 13:41:04'
2385,2,3,89.67,'2020-10-02 13:41:04'
2386,2,2,44.3,'2022-03-23 13:41:04'
2387,2,14,81.16,'2021-09-26 13:41:04'
2388,2,15,114.85,'2024-03-27 13:41:04'
2389,3,18,45.78,'2023-06-28 13:41:04'
2390,1,5,67.09,'2023-08-19 13:41:04'
2391,2,19,63.56,'2024-09-08 13:41:04'
2392,1,4,107.2,'2020-10-30 13:41:04'
2393,3,5,83.83,'2021-03-01 13:41:04'
2394,2,3,32.55,'2023-03-13 13:41:04'
2395,3,14,108.75,'2024-02-10 13:41:04'
2396,1,19,49.92,'2022-06-02 13:41:04'
2397,3,13,31.85,'2023-01-31 13:41:04'
2398,2,6,118.59,'2020-09-15 13:41:04'
2399,1,4,38.76,'2022-11-07 13:41:04'
2400,3,11,75.21,'2021-04-02 13:41:04'
2401,1,15,94.62,'2024-03-18 13:41:04'
2402,1,7,42.47,'2022-03-09 13:41:04'
2403,2,1,96.55,'2022-03-25 13:41:04'
2404,3,3,31.38,'2021-02-24 13:41:04'
2405,3,2,67.85,'2020-11-05 13:41:04'
2406,3,5,119.19,'2025-03-24 13:41:04'
2407,1,10,103.3,'2020-04-25 13:41:04'
2408,3,12,110.26,'2023-06-17 13:41:04'
2409,2,1,41.49,'2023-04-17 13:41:04'
2410,1,16,79.1,'2023-07-08 13:41:04'
2411,2,11,84.35,'2022-09-16 13:41:04'
2412,2,8,99.3,'2020-03-26 13:41:04'
2413,1,1,22.81,'2022-03-07 13:41:04'
2414,2,6,80.05,'2023-12-30 13:41:04'
2415,2,8,53.68,'2020-07-16 13:41:04'
2416,1,12,102.58,'2020-12-29 13:41:04'
2417,1,10,20.34,'2024-12-04 13:41:04'
2418,3,2,119.6,'2024-11-27 13:41:04'
2419,1,16,28.58,'2022-06-23 13:41:04'
2420,1,15,115.05,'2024-12-01 13:41:04'
2421,1,9,28.39,'2022-01-02 13:41:04'
2422,3,16,95.86,'2020-04-19 13:41:04'
2423,2,20,73.43,'2021-11-26 13:41:04'
2424,1,3,25.84,'2022-09-27 13:41:04'
2425,1,10,81.45,'2023-05-31 13:41:04'
2426,1,5,89.55,'2023-08-11 13:41:04'
2427,1,4,45.89,'2020-07-04 13:41:04'
2428,2,6,82.66,'2023-11-14 13:41:04'
2429,1,8,51.69,'2024-06-19 13:41:04'
2430,2,15,86.74,'2022-09-12 13:41:04'
2431,3,16,70.6,'2024-01-02 13:41:04'
2432,3,1,55.44,'2021-01-19 13:41:04'
2433,3,3,91.91,'2022-02-18 13:41:04'
2434,2,4,107.44,'2022-07-11 13:41:04'
2435,2,4,74.47,'2021-12-28 13:41:04'
2436,2,20,86.27,'2022-11-14 13:41:04'
2437,1,3,41.5,'2021-12-10 13:41:04'
2438,3,20,105.08,'2023-12-11 13:41:04'
2439,1,8,102.16,'2021-08-20 13:41:04'
2440,2,2,36.94,'2023-12-26 13:41:04'
2441,1,6,69.42,'2022-11-03 13:41:04'
2442,1,13,117.88,'2022-06-21 13:41:04'
2443,1,20,30.34,'2020-06-06 13:41:04'
2444,1,11,31.23,'2020-03-31 13:41:04'
2445,2,2,80.47,'2023-07-29 13:41:04'
2446,2,11,47.56,'2020-04-15 13:41:04'
2447,3,5,75.45,'2024-07-19 13:41:04'
2448,3,14,27.14,'2022-02-26 13:41:04'
2449,3,12,103.3,'2021-12-17 13:41:04'
2450,2,11,22.2,'2024-01-25 13:41:04'
2451,2,13,73.48,'2024-06-01 13:41:04'
2452,3,15,83.41,'2023-02-23 13:41:04'
2453,2,6,45.32,'2021-09-29 13:41:04'
2454,2,20,99.92,'2023-04-22 13:41:04'
2455,3,5,29.64,'2020-08-03 13:41:04'
2456,3,6,90.86,'2021-02-22 13:41:04'
2457,3,20,43.89,'2021-01-28 13:41:04'
2458,2,12,78.35,'2023-03-29 13:41:04'
2459,2,11,52.82,'2021-01-10 13:41:04'
2460,3,16,23.91,'2021-04-21 13:41:04'
2461,2,15,71.89,'2023-12-04 13:41:04'
2462,2,11,36.38,'2020-04-16 13:41:04'
2463,1,12,31.52,'2023-10-08 13:41:04'
2464,3,17,115.73,'2024-08-07 13:41:04'
2465,1,5,54.54,'2024-07-19 13:41:04'
2466,3,12,109.22,'2024-05-24 13:41:04'
2467,2,7,21.64,'2025-01-16 13:41:04'
2468,1,1,107.54,'2023-07-19 13:41:04'
2469,1,10,109.26,'2023-07-06 13:41:04'
2470,1,2,111.69,'2021-03-17 13:41:04'
2471,2,11,47.99,'2021-12-13 13:41:04'
2472,2,13,108.32,'2021-11-03 13:41:04'
2473,2,2,113.64,'2023-12-20 13:41:04'
2474,3,8,43.19,'2024-09-30 13:41:04'
2475,2,12,71.38,'2020-07-07 13:41:04'
2476,2,20,83.77,'2023-01-17 13:41:04'
2477,3,17,97.86,'2024-05-02 13:41:04'
2478,2,17,64.58,'2020-08-08 13:41:04'
2479,3,15,71.97,'2020-10-29 13:41:04'
2480,1,8,69.66,'2024-04-14 13:41:04'
2481,2,2,114.41,'2024-08-18 13:41:04'
2482,1,17,89.2,'2020-08-19 13:41:04'
2483,1,15,91.52,'2024-04-29 13:41:04'
2484,3,19,115.8,'2023-07-20 13:41:04'
2485,3,2,110.69,'2020-11-09 13:41:04'
2486,1,3,90.21,'2021-08-30 13:41:04'
2487,2,12,105.24,'2020-08-25 13:41:04'
2488,3,20,24.49,'2024-08-20 13:41:04'
2489,1,16,54.5,'2024-07-16 13:41:04'
2490,3,1,73.34,'2024-10-22 13:41:04'
2491,2,4,46.52,'2022-02-19 13:41:04'
2492,2,13,76.04,'2021-12-03 13:41:04'
2493,3,5,31.2,'2024-01-13 13:41:04'
2494,2,14,36.46,'2021-08-11 13:41:04'
2495,2,20,79.35,'2021-10-14 13:41:04'
2496,2,12,69.83,'2021-02-23 13:41:04'
2497,1,2,64.99,'2022-05-10 13:41:04'
2498,2,3,39.0,'2024-04-07 13:41:04'
2499,3,9,51.35,'2021-01-06 13:41:04'
2500,1,11,81.46,'2024-04-07 13:41:04'
2501,1,10,82.19,'2023-04-18 13:41:04'
2502,1,3,31.25,'2024-03-22 13:41:04'
2503,2,17,96.79,'2022-08-19 13:41:04'
2504,3,17,105.6,'2020-10-31 13:41:04'
2505,2,3,101.82,'2022-04-09 13:41:04'
2506,1,14,102.33,'2022-02-02 13:41:04'
2507,3,4,100.64,'2022-04-05 13:41:04'
2508,1,1,64.64,'2020-04-01 13:41:04'
2509,2,20,87.48,'2021-06-21 13:41:04'
2510,1,19,119.27,'2021-09-01 13:41:04'
2511,2,15,55.62,'2020-09-15 13:41:04'
2512,3,12,38.86,'2023-08-19 13:41:04'
2513,2,1,114.94,'2022-04-10 13:41:04'
2514,2,18,79.73,'2021-04-09 13:41:04'
2515,1,11,37.24,'2021-01-11 13:41:04'
2516,3,7,41.05,'2024-04-21 13:41:04'
2517,3,4,74.3,'2023-01-01 13:41:04'
2518,3,10,67.05,'2023-11-26 13:41:04'
2519,2,6,37.61,'2023-04-27 13:41:04'
2520,3,3,23.0,'2023-10-26 13:41:04'
2521,1,13,105.86,'2023-03-06 13:41:04'
2522,3,19,79.85,'2023-10-31 13:41:04'
2523,3,16,106.86,'2020-11-18 13:41:04'
2524,1,9,95.05,'2024-06-05 13:41:04'
2525,3,4,27.09,'2022-01-26 13:41:04'
2526,1,19,86.24,'2021-10-03 13:41:04'
2527,1,11,76.67,'2023-01-30 13:41:04'
2528,2,8,54.99,'2020-06-09 13:41:04'
2529,2,15,77.02,'2024-04-19 13:41:04'
2530,1,6,111.24,'2021-01-15 13:41:04'
2531,3,14,59.1,'2023-02-07 13:41:04'
2532,3,1,47.93,'2023-11-17 13:41:04'
2533,1,1,84.22,'2020-07-01 13:41:04'
2534,2,8,55.58,'2023-02-20 13:41:04'
2535,3,20,79.78,'2023-03-22 13:41:04'
2536,2,4,98.76,'2024-11-12 13:41:04'
2537,1,7,81.53,'2023-03-20 13:41:04'
2538,2,8,63.27,'2020-09-01 13:41:04'
2539,3,5,119.95,'2024-02-23 13:41:04'
2540,3,17,110.29,'2022-01-03 13:41:04'
2541,2,13,92.9,'2024-03-21 13:41:04'
2542,1,9,39.74,'2023-06-27 13:41:04'
2543,2,3,47.01,'2022-11-27 13:41:04'
2544,1,13,112.71,'2023-06-26 13:41:04'
2545,1,2,102.24,'2024-06-15 13:41:04'
2546,3,18,118.37,'2023-10-08 13:41:04'
2547,3,8,88.04,'2023-12-17 13:41:04'
2548,2,12,106.84,'2024-12-20 13:41:04'
2549,3,18,71.14,'2021-09-23 13:41:04'
2550,1,10,30.6,'2024-10-29 13:41:04'
2551,1,15,77.33,'2021-07-09 13:41:04'
2552,2,3,46.77,'2020-05-05 13:41:04'
2553,2,14,71.07,'2024-03-21 13:41:04'
2554,3,20,39.05,'2022-03-31 13:41:04'
2555,1,16,24.02,'2024-06-23 13:41:04'
2556,2,11,36.03,'2024-04-29 13:41:04'
2557,2,10,45.21,'2024-11-07 13:41:04'
2558,2,10,83.55,'2021-02-15 13:41:04'
2559,1,14,70.04,'2021-07-31 13:41:04'
2560,2,7,109.27,'2020-05-19 13:41:04'
2561,3,9,78.06,'2022-09-09 13:41:04'
2562,2,14,33.81,'2023-12-18 13:41:04'
2563,2,1,101.1,'2023-03-04 13:41:04'
2564,1,17,32.84,'2020-04-03 13:41:04'
2565,2,4,82.32,'2024-10-15 13:41:04'
2566,2,2,53.87,'2023-02-04 13:41:04'
2567,1,12,45.4,'2020-12-27 13:41:04'
2568,1,18,55.03,'2022-05-25 13:41:04'
2569,2,3,106.6,'2025-03-20 13:41:04'
2570,3,14,103.55,'2020-12-11 13:41:04'
2571,3,16,70.34,'2023-04-23 13:41:04'
2572,3,1,103.5,'2020-05-27 13:41:04'
2573,1,11,104.55,'2023-09-19 13:41:04'
2574,2,16,63.65,'2022-01-24 13:41:04'
2575,2,9,94.11,'2022-04-28 13:41:04'
2576,2,1,28.73,'2021-03-17 13:41:04'
2577,1,7,95.28,'2023-06-06 13:41:04'
2578,3,2,113.46,'2024-08-26 13:41:04'
2579,2,20,59.46,'2020-06-12 13:41:04'
2580,1,6,47.35,'2025-01-04 13:41:04'
2581,2,18,25.57,'2020-05-23 13:41:04'
2582,1,14,86.97,'2020-06-28 13:41:04'
2583,2,16,80.45,'2020-07-01 13:41:04'
2584,3,2,36.35,'2020-08-07 13:41:04'
2585,3,8,67.24,'2024-03-22 13:41:04'
2586,1,13,47.98,'2021-03-02 13:41:04'
2587,2,10,106.93,'2024-04-11 13:41:04'
2588,3,5,108.38,'2023-01-23 13:41:04'
2589,1,15,53.35,'2020-08-05 13:41:04'
2590,2,16,61.59,'2023-09-28 13:41:04'
2591,1,8,62.37,'2024-05-27 13:41:04'
2592,3,3,64.0,'2021-11-20 13:41:04'
2593,2,14,76.28,'2021-03-16 13:41:04'
2594,3,4,108.26,'2022-01-20 13:41:04'
2595,2,4,55.31,'2020-12-08 13:41:04'
2596,3,9,63.5,'2021-04-12 13:41:04'
2597,3,11,54.07,'2022-04-05 13:41:04'
2598,1,8,107.6,'2021-05-08 13:41:04'
2599,2,12,96.45,'2021-08-23 13:41:04'
2600,1,15,35.37,'2023-09-12 13:41:04'
2601,2,8,90.63,'2022-08-18 13:41:04'
2602,3,3,98.88,'2024-11-15 13:41:04'
2603,1,12,86.12,'2024-02-18 13:41:04'
2604,3,13,58.83,'2025-02-06 13:41:04'
2605,3,13,36.92,'2020-09-24 13:41:04'
2606,2,15,101.77,'2022-07-29 13:41:04'
2607,2,15,42.54,'2021-10-21 13:41:04'
2608,2,5,96.24,'2023-11-30 13:41:04'
2609,1,10,67.78,'2023-02-11 13:41:04'
2610,2,2,62.83,'2024-08-13 13:41:04'
2611,1,14,103.0,'2024-12-08 13:41:04'
2612,3,2,34.34,'2020-04-04 13:41:04'
2613,3,7,41.74,'2022-10-25 13:41:04'
2614,1,8,74.57,'2024-06-23 13:41:04'
2615,2,13,35.2,'2022-11-23 13:41:04'
2616,2,13,90.89,'2022-09-20 13:41:04'
2617,3,5,85.79,'2021-11-19 13:41:04'
2618,3,14,35.68,'2023-04-02 13:41:04'
2619,1,8,71.02,'2020-11-24 13:41:04'
2620,2,1,36.17,'2023-06-01 13:41:04'
2621,2,11,50.37,'2024-09-12 13:41:04'
2622,2,3,93.91,'2020-12-15 13:41:04'
2623,2,10,59.73,'2023-04-24 13:41:04'
2624,2,18,38.7,'2023-08-27 13:41:04'
2625,1,2,38.27,'2022-10-09 13:41:04'
2626,3,8,57.23,'2023-05-03 13:41:04'
2627,1,1,78.02,'2021-05-23 13:41:04'
2628,3,2,29.66,'2021-07-04 13:41:04'
2629,3,12,57.46,'2021-11-14 13:41:04'
2630,1,1,81.3,'2024-05-27 13:41:04'
2631,3,16,103.36,'2024-12-07 13:41:04'
2632,3,8,59.9,'2022-08-25 13:41:04'
2633,1,10,35.16,'2023-01-22 13:41:04'
2634,1,19,81.15,'2020-04-02 13:41:04'
2635,2,18,55.02,'2021-01-03 13:41:04'
2636,1,8,107.41,'2022-03-17 13:41:04'
2637,3,4,27.84,'2020-12-24 13:41:04'
2638,1,2,76.7,'2020-08-18 13:41:04'
2639,3,5,46.53,'2023-09-10 13:41:04'
2640,2,1,24.54,'2025-02-14 13:41:04'
2641,3,12,26.41,'2024-03-18 13:41:04'
2642,1,1,61.48,'2023-07-03 13:41:04'
2643,2,18,83.72,'2021-05-22 13:41:04'
2644,2,10,64.17,'2021-08-18 13:41:04'
2645,1,12,25.57,'2024-12-27 13:41:04'
2646,2,17,96.27,'2022-09-21 13:41:04'
2647,1,9,94.6,'2021-09-06 13:41:04'
2648,2,10,47.98,'2023-10-04 13:41:04'
2649,1,13,67.36,'2024-03-18 13:41:04'
2650,3,7,107.01,'2024-07-28 13:41:04'
2651,1,16,116.07,'2023-02-27 13:41:04'
2652,2,19,93.23,'2022-02-05 13:41:04'
2653,3,10,78.97,'2021-06-14 13:41:04'
2654,2,11,95.09,'2022-09-17 13:41:04'
2655,2,5,108.81,'2023-12-12 13:41:04'
2656,3,5,56.99,'2022-03-25 13:41:04'
2657,3,19,99.03,'2024-07-30 13:41:04'
2658,3,1,104.05,'2024-02-03 13:41:04'
2659,3,4,74.69,'2023-02-19 13:41:04'
2660,1,19,60.62,'2024-04-21 13:41:04'
2661,3,11,91.23,'2023-06-07 13:41:04'
2662,3,12,97.46,'2020-06-21 13:41:04'
2663,1,14,48.41,'2022-04-08 13:41:04'
2664,2,8,88.36,'2024-05-01 13:41:04'
2665,1,6,69.24,'2020-08-21 13:41:04'
2666,2,4,114.82,'2022-05-30 13:41:04'
2667,2,18,80.52,'2024-05-29 13:41:04'
2668,3,9,57.01,'2020-09-16 13:41:04'
2669,3,15,82.78,'2022-02-07 13:41:04'
2670,1,3,74.22,'2023-12-17 13:41:04'
2671,1,1,73.97,'2024-01-15 13:41:04'
2672,3,14,97.93,'2024-08-10 13:41:04'
2673,3,15,85.91,'2021-06-25 13:41:04'
2674,2,3,115.89,'2020-05-06 13:41:04'
2675,3,17,105.02,'2022-03-07 13:41:04'
2676,3,12,103.14,'2023-05-17 13:41:04'
2677,1,3,105.32,'2023-05-31 13:41:04'
2678,1,7,86.35,'2025-03-10 13:41:04'
2679,2,19,65.0,'2025-01-27 13:41:04'
2680,3,16,33.89,'2024-05-27 13:41:04'
2681,1,14,104.75,'2024-11-07 13:41:04'
2682,1,8,50.88,'2023-02-23 13:41:04'
2683,2,1,114.1,'2023-12-08 13:41:04'
2684,3,18,119.25,'2020-09-12 13:41:04'
2685,2,17,21.24,'2025-03-25 13:41:04'
